2824 4890
456 360 773 426 ChXXX

622 538 852 621 Quom,
876 537 1151 604 malum?
1181 538 1326 620 quid
1349 535 1700 617 michincr,
1727 536 1871 619 quid
1897 534 2375 619 comminiscar,
2403 536 2675 602 haereo.

621 667 840 751 [Nisi]
886 688 1100 752 nugas
1144 667 1580 750 ineptias[que
1622 667 1782 748 iam]
1828 662 2132 748 incipisso
2177 664 2540 731 maxumas.

456 833 609 894 Nisi
650 830 688 890 i.
733 850 789 892 e.
835 826 978 890 ‘nisi
1025 826 1195 910 quod
1241 834 1487 888 certum
1533 833 1632 887 est
1674 826 1986 886 maximas
2032 843 2136 887 me
2184 841 2393 909 nugas
2448 837 2520 889 et
2566 827 2674 889 in-

453 963 663 1045 eptias
707 957 1128 1042 incipissere’,
1171 981 1293 1022 nou
1338 959 1594 1021 insolito
1638 960 1777 1020 eius
1805 961 2153 1039 particulae
2181 977 2322 1020 usu.
2415 959 2670 1038 Quodsi

453 1100 554 1159 cui
601 1104 849 1174 copiast
884 1113 1107 1157 carere
1141 1113 1338 1176 posse
1373 1093 1659 1176 genitivo
1694 1092 2034 1171 videbitur,
2081 1092 2348 1154 alterum
2396 1112 2669 1156 versum

451 1233 547 1296 sic
604 1234 944 1294 restituere
1002 1229 1270 1310 poterit:
1334 1226 1492 1289 Nisa·
1528 1231 1590 1287 si
1632 1227 1761 1288 ia'm
1807 1225 1955 1303 [eqo
1998 1224 2310 1305 astatum]
2357 1225 2673 1287 astatium

456 1387 514 1426 a.
562 1386 615 1426 c.
658 1385 737 1425 m.
841 1365 1190 1442 Postquam
1236 1361 1428 1442 igitur
1470 1360 1595 1420 hoc
1638 1377 1891 1440 quoque
1936 1358 2296 1438 exemplum
2347 1368 2668 1420 remotum

452 1508 574 1576 est,
624 1515 810 1557 unum
856 1496 1006 1570 (nisi
1050 1493 1215 1577 quod
1263 1512 1363 1555 me
1407 1492 1609 1575 fugit)
1662 1502 1958 1571 superest
2002 1512 2039 1552 e
2085 1489 2380 1552 Rudente
2441 1490 2674 1554 afferri

417 1629 712 1712 ‚solitum
757 1646 850 1712 lv,
897 1628 963 1710 ⁷,
1006 1629 1125 1691 22:

620 1802 791 1882 Ego,
833 1796 954 1861 nisi
997 1818 1184 1881 quom
1231 1800 1379 1876 lusi,
1431 1797 1511 1861 nil
1557 1817 1763 1861 moror
1807 1795 2004 1860 ullum
2051 1797 2330 1860 lucrum:

458 1991 604 2035 nam
654 1977 787 2034 nisi
824 1992 939 2053 pro
983 1974 1144 2033 milti
1181 1973 1583 2036 scribendum
1639 1990 1790 2034 esse
1849 1972 2116 2035 Bothius
2179 1971 2355 2034 vidit.
2445 1971 2669 2050 Quem

456 2127 716 2170 versum
760 2117 827 2170 et
866 2107 1137 2170 Reizius
1182 2109 1345 2169 male
1404 2107 1742 2187 tractavit,
1804 2125 1928 2168 nec
1987 2106 2215 2168 melius
2269 2115 2670 2168 tractaturus

455 2242 542 2305 sit
580 2243 687 2323 qui
728 2244 834 2305 vel
876 2243 977 2303 m'l
1015 2243 1220 2304 ullum
1261 2262 1474 2303 moror
1515 2242 1763 2302 lucrum
1803 2241 1909 2301 vel
1956 2241 2204 2302 nullum
2246 2240 2411 2301 uuilon·
2448 2260 2675 2301 moror

454 2370 700 2432 lucrum
729 2377 1058 2451 proponat.
1118 2370 1266 2430 Nou
1297 2367 1425 2429 levi
1457 2376 1668 2430 autem
1707 2369 1860 2431 mihi
1889 2368 2232 2430 offensioni
2268 2387 2419 2430 esse
2449 2370 2670 2451 ipsum

454 2503 593 2564 lusi
629 2501 982 2581 perfectum
1040 2502 1277 2563 fateor:
1336 2519 1450 2583 pro
1506 2521 1634 2584 quo
1689 2505 1839 2565 ludo
1885 2504 2097 2584 potius
2140 2503 2248 2563 vel
2290 2502 2509 2562 ludam
2554 2503 2671 2564 vel

452 2634 715 2695 luserim
746 2640 1191 2715 exspectetur.
1279 2632 1685 2716 Quapropter
1714 2637 2043 2715 personari
2068 2636 2237 2699 illum
2266 2634 2666 2699 versiculum

454 2766 556 2827 sic
597 2762 848 2825 demum
891 2762 1160 2826 arbitror
1181 2785 1198 2825 z

620 2923 790 3004 Ego,
830 2919 950 2983 nisi
993 2939 1180 3004 quom
1226 2925 1437 2999 hesim,
1485 2921 1570 2986 nil
1613 2946 1820 2988 morer
1857 2921 2049 2989 ullum
2100 2928 2361 2990 lucrum.
2423 2940 2444 2949 ‘

453 3078 626 3140 Nam
668 3079 725 3140 si
774 3097 1025 3162 veram,
1075 3099 1186 3142 cur
1229 3079 1585 3162 producere
1627 3079 1854 3163 loqmir
1894 3083 2182 3163 licuerit,
2243 3103 2367 3146 non
2414 3084 2672 3149 licuerit

455 3206 693 3290 quubr,
743 3228 1043 3273 caussam
1087 3229 1280 3292 supra
1324 3213 1747 3297 investigavi,
1793 3214 1984 3276 buius
2013 3215 2267 3297 quidem
2300 3216 2432 3276 vim
2470 3216 2669 3281 facile

454 3347 823 3427 intelligitur
864 3349 1053 3410 etiam
1101 3348 1183 3411 ad
1229 3356 1414 3410 amir
1445 3357 1511 3409 et
1538 3365 1839 3429 sequerer
1865 3351 2208 3430 pertinere,
2259 3350 2404 3428 quia
2434 3349 2518 3410 ab
2558 3348 2666 3412 bis

452 3485 686 3542 umbris
711 3490 775 3543 et
804 3483 1161 3561 sequeret-is
1198 3489 1264 3543 et
1305 3481 1591 3543 similiter
1645 3491 1858 3542 cetera
1888 3481 2065 3543 fiunt.
2113 3481 2490 3564 Quanquam
2538 3503 2672 3545 ex-

453 3612 663 3693 empla
689 3614 834 3675 mihi
863 3630 1028 3674 nuuc
1067 3618 1253 3675 unius
1283 3634 1360 3674 ar
1411 3614 1702 3695 syllabae
1725 3614 1783 3674 in
1816 3623 2107 3694 promptu
2135 3624 2306 3696 sunt,
2349 3614 2433 3676 de
2469 3616 2667 3679 cuius

454 3744 868 3826 productione
915 3743 1353 3822 verissimum,
1397 3752 1469 3805 ut
1510 3747 1639 3806 iam
1679 3756 1972 3827 apparet,
2020 3762 2284 3808 sensum
2318 3763 2504 3808 suum
2536 3767 2665 3810 no·

450 3880 547 3942 bis
585 3880 991 3941 Hermannus
1029 3877 1174 3939 oiim
1217 3878 1613 3959 significavit
1628 3921 1651 3960 ,
1716 3887 2250 3941 commemoratus
2291 3898 2335 3940 a
2376 3899 2479 3941 me
2526 3883 2665 3944 Pa-

451 4030 618 4094 rerg.
664 4028 709 4093 1,
755 4030 814 4091 p.
859 4008 1002 4071 493.
1049 4009 1250 4073 Cuius
1294 4009 1376 4072 de
1419 4010 1615 4072 Most.
1661 4028 1763 4091 111,
1795 4008 1857 4092 1,
1887 4009 1974 4073 93
2011 4008 2333 4091 iudicium,
2379 4030 2508 4093 quo
2553 4011 2662 4075 ille

452 4140 619 4208 hanc
656 4144 1033 4225 scripturam
1081 4142 1592 4206 commendabat:

617 4298 938 4364 Perfacile
979 4320 1106 4381 ego
1152 4300 1320 4361 ictus
1357 4297 1688 4378 perpetiar
1729 4296 2103 4381 argenteos,

2804 2281 2807 2428 λ
