2824 4890
2115 379 2304 443 cvn

177 557 220 617 si
257 557 308 617 in
348 557 458 620 hoc
509 558 727 622 vellem
787 568 1050 622 veteres
1103 560 1359 623 criticos
1424 561 1833 643 Vergilianus
1882 563 2099 643 sequi,
2154 581 2315 646 quos

174 711 303 754 sane
340 695 620 759 Aeneidis
644 716 711 777 x,
735 697 864 759 668
901 693 1197 779 (tanton'
1220 719 1318 759 me
1347 703 1608 759 crimine
1648 694 1958 779 diqnum]
2007 699 2314 778 probasse

172 827 562 906 apostrophum
606 848 642 888 e
685 828 1014 891 Diomedis
1054 847 1114 909 p.
1160 827 1330 905 430,
1374 831 1686 892 Prisciani
1732 849 1791 910 p.
1844 830 2036 910 1287,
2083 832 2314 894 Donati

171 977 217 1039 p.
258 959 423 1040 1742,
474 961 734 1022 Maximi
782 960 1091 1023 Victorini
1137 980 1193 1041 p.
1246 961 1406 1024 1944
1450 964 1829 1025 testimoniis
1884 968 2316 1046 cognoscitur.

170 1090 367 1154 Verum
391 1093 625 1157 eisdem
671 1094 752 1158 de
795 1096 1052 1178 talibus,
1098 1098 1287 1178 quale
1331 1106 1431 1160 est
1477 1104 1701 1159 tanton
1745 1100 2002 1172 honore,
2050 1101 2108 1161 in
2141 1100 2312 1163 Ver·-

167 1224 287 1307 gilio
319 1230 555 1291 omnino
598 1228 1066 1294 decernendum
1109 1252 1233 1295 non
1275 1245 1433 1295 erat.
2335 1203 2342 1208 “

296 1361 455 1425 Nihil
507 1375 722 1427 autem
774 1365 844 1425 in
890 1365 1205 1427 Plautinis
1251 1368 1607 1430 comoediis
1657 1370 1846 1432 latius
1907 1378 2085 1450 patet
2128 1386 2320 1450 quam

166 1507 264 1558 ese
293 1511 351 1561 et
389 1521 469 1562 σε
510 1502 884 1564 vocularum
932 1502 1456 1584 aphaeresis,
1503 1522 1690 1583 quam
1720 1504 2011 1567 codicum
2042 1506 2102 1565 in
2131 1505 2322 1588 longe

166 1628 397 1706 plurimis
458 1631 772 1712 exemplis
830 1633 976 1694 sive
1041 1632 1420 1694 manifestus
1483 1634 1628 1695 sive
1691 1634 1889 1695 variis
1948 1636 2323 1715 corruptelis

165 1759 503 1827 obscuratus
531 1783 896 1828 cousensus
941 1766 1301 1847 postulabat
1340 1775 1406 1828 ut
1447 1776 1815 1831 constanter
1842 1768 1978 1847 ipsa
2004 1772 2322 1849 scriptura

162 1897 639 1977 exprimeremus.
725 1898 930 1962 Cuius
987 1916 1173 1962 usum
1223 1909 1401 1962 recte
1453 1901 1576 1963 iam
1623 1901 2012 1964 Niebuhrius
2054 1903 2115 1963 in
2158 1920 2321 1964 con·

157 2038 347 2108 spectu
394 2029 889 2115 orthographiae
946 2029 1188 2094 codicis
1244 2031 1585 2110 Vaticani,
1640 2031 1810 2094 unde
1853 2032 2184 2096 Ciceronis
2213 2071 2214 2076 κ
2243 2032 2324 2096 de

158 2163 443 2245 republica
486 2166 857 2246 fragmenta
900 2164 1305 2245 prodierunt,
1377 2164 1533 2227 vidit
1590 2166 1774 2229 nullis
1829 2166 2324 2229 constructionis

156 2293 352 2362 finibus
391 2300 705 2381 coerceri,
752 2307 822 2360 ut
866 2318 988 2361 non
1030 2300 1236 2360 minus
1279 2298 1519 2360 usitate
1560 2305 1789 2378 quaest
1821 2313 1954 2360 una
1992 2300 2220 2360 relicta
2262 2307 2328 2362 et

158 2452 295 2510 quae
343 2443 536 2498 unas!
594 2434 821 2496 relicta
866 2452 1053 2514 quam
1113 2449 1277 2513 quae
1331 2452 1466 2494 una
1522 2433 1811 2494 relictas-t
1857 2430 2191 2496 dicanturt
2257 2442 2328 2495 ut

158 2581 210 2625 v·
244 2566 357 2630 484
410 2588 580 2632 cena
636 2569 762 2628 hac
824 2574 1147 2629 annonast
1195 2571 1335 2627 sine
1390 2572 1602 2628 sacris
1660 2567 2000 2627 hereditas.
2102 2567 2328 2645 ltaque

157 2695 281 2760 nihil
332 2716 616 2762 caussae
677 2707 815 2760 erat
876 2716 988 2759 cur
1033 2716 1093 2760 v.
1137 2698 1264 2760 310
1320 2698 1456 2759 sine
1511 2697 1847 2777 aphaeresi
1901 2696 2329 2759 scriberemus

155 2832 213 2888 ts
243 2835 302 2890 si
331 2836 616 2894 animum
658 2834 879 2892 uicisti
911 2834 1128 2908 potius
1176 2849 1364 2909 qnam
1412 2833 1666 2892 animus
1709 2837 1790 2900 te,
1837 2836 1937 2890 eet
1974 2832 2330 2909 quodqua-

155 2962 301 3036 ἄρα,
339 2968 443 3029 vel
488 2986 556 3030 v.
580 2964 715 3027 508
753 2964 992 3039 Philto,
1037 2971 1138 3026 est
1176 2984 1371 3040 offer:
1414 2962 1531 3026 sed
1567 2962 1800 3025 talibus
1827 2962 2075 3044 quidem
2104 2982 2333 3025 exem-⁵

157 3093 256 3173 plis
292 3095 756 3161 admovendam
805 3093 1260 3177 apostrophum
1309 3094 1627 3174 duximus,
1672 3096 1851 3156 cuius
1897 3103 2148 3174 praeter
2170 3095 2333 3157 haec

157 3235 264 3291 tam
303 3247 796 3313 supervacanea
854 3228 1125 3293 adiectio
1169 3229 1231 3291 in
1271 3235 1337 3288 et
1379 3228 1496 3290 fuit
1539 3246 1725 3308 quam
1781 3246 2041 3309 prorsus
2093 3247 2334 3290 neces-

153 3362 298 3425 saria
333 3366 390 3427 in
433 3363 772 3445 aphaeresi
812 3360 1139 3423 secundae
1162 3378 1479 3441 personae
1511 3361 1765 3422 nactu's
1809 3360 2071 3437 teacta's,
2124 3361 2332 3442 qualia

155 3491 279 3556 sine
314 3498 523 3578 aliqua
552 3506 702 3558 nota
730 3498 917 3577 plane
960 3515 1089 3557 non
1131 3493 1373 3556 habeas
1419 3493 1527 3574 qui
1572 3509 1610 3553 a
1653 3497 1885 3553 nactus
1927 3498 2149 3552 nactas
2192 3489 2333 3553 ‹lis-

156 3644 377 3695 eernas.
477 3632 593 3693 llla
650 3631 841 3712 igitur
897 3630 1034 3690 sic:
1093 3633 1186 3701 te,
1237 3623 1318 3686 ἐι
1371 3633 1438 3686 et
1499 3624 1717 3687 Philto
1743 3670 1761 3699 ,
1802 3621 1913 3693 ἐι,
1979 3625 2203 3705 scripsi
2258 3644 2335 3686 eo

154 3764 592 3843 confidentius,
639 3780 765 3844 quo
811 3760 1019 3843 magis
1063 3759 1329 3821 dubitari
1375 3765 1629 3840 potest,
1668 3759 1960 3820 relictas!
1998 3760 2334 3839 scriptura,

152 3911 322 3977 quam
378 3917 508 3981 ego
566 3906 636 3959 ut
674 3895 1114 3977 simpliciorem
1177 3894 1482 3975 praetuli,
1545 3914 1625 3957 an
1682 3896 1908 3956 relicta
1948 3901 2014 3954 st
2055 3900 2341 3973 praestet

153 4030 430 4109 omnino,
493 4033 726 4114 quippe
769 4051 893 4112 quo
940 4030 1128 4091 facile
1173 4028 1316 4090 illud
1361 4027 1590 4106 ducat,
1655 4026 1819 4106 quod
1865 4036 1992 4085 tam
2040 4025 2341 4103 frequens

151 4167 205 4229 in
245 4170 546 4232 Palatinis
589 4170 758 4231 libris
804 4175 906 4229 est
943 4170 1010 4247 st
1050 4166 1392 4227 litterarum
1437 4163 1496 4222 in
1539 4166 1588 4240 fi
1629 4158 2041 4239 depravatio,
2102 4156 2227 4219 hoc
2278 4167 2343 4219 ut

154 4304 407 4384 saepius
453 4319 640 4385 quam
685 4300 836 4366 illud
880 4299 1186 4362 offerente
1231 4306 1300 4359 ut
1345 4315 1404 4356 v.
1447 4293 1580 4358 158.
1628 4292 1775 4355 208.
1821 4290 1969 4355 2²7.
2007 4290 2150 4357 819.
2194 4290 2340 4355 338.
