2824 4890
1940 346 2266 412 cxxxn
2275 351 2302 409 1

177 525 312 589 Hine
355 528 465 590 ism
516 526 768 591 iudicari
823 526 907 590 de
962 527 1166 592 dubiis
1226 537 1475 609 potest:
1540 531 1718 590 velut
1761 529 1956 592 Pocn.
2003 546 2074 612 v,
2118 532 2184 606 2,
2219 531 2306 592 95

172 679 271 724 non
313 662 454 725 satis
491 680 634 725 esse
688 680 964 730 caussae
1007 673 1272 745 apparet
1317 683 1430 727 cur
1472 664 1571 727 sic
1615 665 2020 747 transpositis
2062 667 2303 747 verbis,

169 795 224 853 ds·
250 814 438 856 omnes
476 798 588 858 tibi
626 798 794 871 dent,
837 795 1004 858 fides
1048 796 1345 859 librorum
1390 797 1811 878 relinquatur:

297 927 472 993 Vnde
513 947 652 992 sum
699 929 1022 993 oriundus.
1106 926 1192 992 Di
1232 928 1385 991 dent
1424 929 1541 992 tibi
1582 946 1806 991 omnes
1849 928 2016 1010 quae'
2055 929 2238 992 uelis.

166 1060 341 1123 Minus
393 1062 574 1126 etiam
628 1080 907 1127 caussae
965 1071 1067 1125 est
1123 1080 1239 1125 cur
1284 1061 1571 1126 Andriae
1616 1079 1716 1145 xv,
1756 1062 1836 1143 2,
1889 1064 1957 1125 ¹1
2007 1065 2124 1124 tibi
2160 1082 2304 1128 cum

164 1190 401 1257 Bentleio
439 1194 755 1261 deleatur:

290 1328 405 1391 Per
434 1326 639 1392 omnis
663 1329 770 1392 tibi
794 1328 1010 1393 adiur6
1039 1329 1221 1408 deos,
1254 1351 1570 1416 nunquam
1594 1325 1737 1395 eam
1761 1352 1861 1396 me
1885 1328 2310 1395 deserturum.

162 1459 330 1540 lpsins
368 1464 708 1528 Trinummi
754 1483 818 1530 v.
860 1465 944 1528 78
984 1485 1150 1529 nunc
1212 1468 1586 1550 intelligitur
1650 1484 1773 1530 nec
1830 1483 1983 1529 csse
2041 1463 2122 1527 de
2162 1484 2308 1529 mo·

160 1595 438 1678 nosyllabo
493 1605 648 1681 quia
703 1599 1153 1684 cogitandum,
1223 1600 1391 1683 quod
1460 1603 1677 1665 nescio
1734 1620 1816 1664 an
1877 1609 2053 1663 recte
2112 1618 2309 1682 nuper

169 1723 520 1794 Hermannus
563 1735 903 1814 negaverit
944 1752 1216 1814 unquam
1263 1734 1471 1796 locum
1501 1733 1758 1813 habere,
1800 1753 1921 1797 nec
1959 1732 2317 1797 duriuscule

159 1863 291 1939 Ordo
339 1867 537 1935 Amnis
591 1853 788 1934 obrias
847 1874 1172 1952 bendaque
1227 1870 1793 1954 pronuntiandum,
1854 1870 1971 1934 sed
2029 1872 2126 1934 sic
2168 1890 2309 1933 me-

160 1997 392 2065 tiendum
438 2005 610 2082 Qm’a
661 1999 868 2066 δηιηίε
910 2001 1123 2066 bondo.
1210 2003 1342 2067 Sed
1390 2005 1579 2067 latius
1623 2004 1809 2065 etiam
1842 2005 1943 2065 vis
1983 2013 2153 2084 patet
2188 2001 2308 2064 de-

154 2142 489 2200 monstratae
537 2136 751 2199 ‹i'mm‘s
809 2155 1165 2200 mensurae.
1250 2138 1423 2200 Nam
1474 2155 1638 2219 quae
1701 2137 2093 2200 liberioribus
2149 2153 2311 2199 sane

150 2267 330 2329 metris
372 2287 686 2333 concessa
729 2279 832 2335 est
867 2251 1036 2347 ῗιῖὗ
1079 2255 1150 2334 ἷῦ
1190 2272 1585 2353 syllabarum
1626 2273 1989 2357 synizesis,
2036 2284 2102 2338 ut
2145 2292 2308 2338 ana-

149 2400 405 2475 palestinis
449 2403 629 2467 Triu.
677 2403 865 2471 11152

282 2538 399 2604 Hic
438 2538 700 2604 bomdst
742 2544 1016 2603 omnium
1062 2539 1378 2604 hominum
1428 2540 1810 2625 praecipuos

150 2664 268 2744 (nbi
307 2668 916 2756 transponendus-um
976 2675 1299 2736 bominum
1350 2681 1629 2738 omnium
1672 2675 1840 2737 nulla
1886 2672 2312 2752 necessitato:

149 2816 263 2863 eam
318 2807 431 2868 etsi
494 2805 656 2869 nihil
720 2806 1008 2886 profecto
1074 2805 1373 2888 impediat
1440 2808 1774 2889 quominus
1838 2806 1894 2867 in
1955 2805 2313 2870 octonarios

150 2930 450 3001 Trinummi
494 2938 632 3003 236
673 2948 738 3001 et
782 2939 1083 3020 Hecyrae
1124 2955 1194 3017 v,
1239 2938 1299 3012 4,
1341 2937 1427 3000 2⁸7
1470 2936 2065 3001 accommodemust

278 3056 588 3166 'Omnium
647 3070 912 3152 primum
968 3069 1203 3132 amdris
1259 3073 1446 3145 artis,
1518 3069 2043 3151 quemadmodum
2104 3086 2309 3148 expe-

1437 3186 1633 3286 diant,
1679 3203 1974 3287 eloquar:

297 3341 518 3409 Omnia
592 3341 816 3405 omnes
882 3343 988 3407 ubi
1053 3338 1430 3406 resciscunt.
1518 3339 1623 3401 hic
1695 3356 1857 3421 quos
1927 3333 2136 3399 fuerat
2203 3351 2315 3414 par

1424 3468 1822 3534 rescisceret

144 3618 326 3676 umen
362 3613 666 3698 legitimis
710 3611 1091 3694 septenariis
1134 3607 1486 3671 Trinummi
1525 3604 1682 3687 933,
1726 3603 1930 3669 Stichi
1974 3621 2069 3680 lv,
2121 3602 2190 3681 1,
2231 3600 2310 3663 21

137 3755 192 3806 et
228 3748 622 3813 Cistellariae
666 3767 735 3825 u,
786 3749 841 3823 1,
882 3748 969 3808 50

281 3869 592 3947 'Omnium
639 3881 903 3966 primum
948 3880 1008 3942 in
1053 3873 1323 3941 Pontum
1381 3858 1636 3940 aduecti
1680 3874 1759 3936 nd
1808 3859 2129 3935 'Arabiam
2180 3877 2315 3929 ter·

1542 4007 1674 4071 ram
1717 4022 1980 4068 sumus:

282 4137 594 4212 'Omnium
636 4167 740 4211 me
779 4145 1010 4209 exilem
1052 4143 1245 4226 atque
1287 4149 1538 4206 inanem
1576 4139 1732 4202 fecit
1775 4130 2275 4221 aegritudinum:

282 4268 381 4344 'Et
424 4279 679 4364 quidem
724 4280 944 4344 hercle
986 4275 1111 4341 nisi
1153 4274 1390 4360 pedatu
1437 4272 1626 4335 tertio
1671 4272 1876 4333 omnis
1911 4266 2230 4333 efflixero:
