2824 4890
511 321 825 414 ccxxn

493 506 720 587 hibuit,
794 503 985 567 allata
1023 502 1232 581 miror,
1276 509 1344 564 ut
1385 500 1446 562 iu
1484 498 1709 583 quibus
1745 503 1896 579 quoi
1923 499 2170 559 leontini
2205 495 2554 561 verborum
2590 510 2710 564 tres

510 636 802 719 syllabae
847 637 1090 718 primae
1131 638 1237 698 vel
1282 640 1430 716 quoi
1471 654 1585 712 eqo
1628 635 1853 710 (etiam
1900 634 2073 696 Triu.
2117 632 2276 706 876)
2332 634 2710 697 tribrachum

507 769 735 832 eadem
777 769 1025 831 ratione
1071 767 1355 831 efficiant
1396 786 1523 848 qua
1568 745 1672 829 m?
1718 768 1922 844 habet,
1968 743 2044 829 οῗ
2078 786 2210 844 eqo.
2313 767 2436 828 His
2507 787 2712 830 errore

504 900 770 962 mixtum
814 898 1129 962 Rudeutis
1173 916 1434 961 versum
1464 914 1564 978 iv,
1593 897 1657 980 5,
1686 895 1731 959 3
1767 898 1907 978 ipse
1948 916 2074 960 non
2118 897 2385 979 negabit
2431 898 2540 961 sic
2585 918 2713 961 me-
2797 873 2800 946 4

504 1030 783 1097 tiendum
831 1048 1022 1094 esse:

760 1180 945 1246 Satin
987 1185 1043 1245 si
1089 1181 1237 1264 quoi
1281 1180 1518 1244 homiui
1563 1175 1629 1241 di
1671 1195 1823 1241 esse
1864 1175 2272 1242 benefactum
2319 1180 2574 1243 uolunt.

506 1329 988 1411 Amphitruonis
1032 1321 1087 1410 Ῑ,
1135 1327 1200 1409 3,
1244 1327 1329 1390 22
1370 1345 1496 1391 uuo
1541 1328 1823 1410 reposito
1868 1330 2025 1390 leoce
2060 1291 2176 1410 pro
2221 1329 2364 1404 Ιιοσ,
2415 1339 2711 1412 transpo-

508 1465 636 1529 sito
684 1464 885 1526 verbo
930 1461 1124 1543 nulio,
1169 1460 1471 1523 facillime
1513 1460 1611 1523 sic
1650 1460 2070 1523 instauraturt

762 1608 931 1693 Quoi
972 1630 1100 1696 ego
1146 1611 1270 1673 iam
1317 1610 1483 1674 hoco
1512 1608 1823 1692 scipione.
1874 1611 1977 1674 Ah
2009 1609 2149 1676 noli.
2199 1609 2461 1674 Muttito
2501 1613 2707 1675 modo:

506 1768 669 1842 (nisi
719 1772 1007 1847 praestat
1055 1763 1259 1838 Que'm
1302 1785 1442 1841 eqo,
1492 1766 1749 1827 tametsi
1793 1765 1855 1826 in
1901 1767 1961 1826 B
2005 1772 2107 1827 est
2155 1764 2463 1844 (melego,
2517 1765 2583 1827 in
2621 1769 2707 1828 Da

509 1899 887 1975 Quodleyo.)
941 1897 1305 1960 Aululariae
1329 1917 1402 1977 ιι,
1436 1897 1501 1980 8,
1525 1899 1609 1960 26
1652 1917 1774 1959 non
1820 1907 1925 1959 est
1966 1895 2374 1959 dubitandum
2419 1900 2584 1980 quin
2626 1903 2710 1972 (et

507 2032 728 2094 versui
770 2031 1024 2112 quidem
1069 2032 1152 2095 25
1190 2032 1632 2113 praepositus)
1679 2029 1896 2093 addito
1949 2039 2019 2093 tu
2079 2032 2178 2092 sic
2238 2029 2500 2092 demum
2556 2041 2708 2094 recte

513 2162 816 2245 procedat
832 2184 848 2225 t

774 2295 941 2374 Quoi
985 2304 1050 2358 tu
1095 2291 1157 2355 iu
1202 2313 1275 2375 re
1313 2294 1426 2356 tali
1468 2290 1591 2355 iam
1636 2292 1989 2356 subuenisti
2034 2292 2348 2357 antidhac.

509 2445 897 2511 Bacchidum
945 2465 1015 2525 u,
1060 2444 1128 2526 ⁶2,
1178 2445 1260 2508 47
1310 2464 1427 2507 nec
1479 2466 1596 2524 eqo
1653 2451 1992 2527 quoiquam
2037 2447 2405 2509 Hermanno
2457 2449 2708 2511 Bothius

504 2583 807 2668 praeivit:
855 2581 1079 2645 eodem
1128 2581 1261 2643 iure
1304 2580 1495 2642 scribi
1527 2588 1641 2642 aut
1667 2598 1785 2640 nec
1818 2586 2152 2660 quoiquam
2186 2582 2429 2641 laomim·
2461 2583 2704 2662 poterit,

502 2723 613 2777 aut
657 2715 972 2788 fortasse,
1038 2728 1180 2772 cum
1229 2712 1290 2773 in
1340 2715 1400 2774 B
1448 2713 1675 2774 lacuna
1720 2730 1756 2771 e
1801 2728 2023 2773 rasura
2069 2721 2208 2773 orta
2253 2719 2404 2773 aute
2451 2733 2578 2775 nec
2621 2716 2706 2784 sit,

502 2846 597 2906 sic
642 2844 884 2924 potins:
2411 2828 2416 2835 ’

755 2986 1037 3052 Domist:
1091 3008 1212 3050 non
1260 3000 1472 3052 metuo
1517 2990 1678 3052 milae·
1721 3008 1843 3053 nec
1888 2992 2227 3073 quoiquam
2276 2988 2602 3073 supplico.

506 3138 801 3220 Denique
844 3138 905 3199 iu
951 3139 1245 3201 Asinaria
1290 3142 1392 3221 qui
1439 3140 1796 3220 corruptela
1842 3155 2077 3201 vacare
2119 3137 2236 3199 hos
2279 3155 2524 3200 versus
2572 3154 2705 3200 cre-

502 3264 739 3332 diderit
778 3286 875 3349 lv,
930 3269 984 3350 1,
1027 3267 1130 3331 33.
1171 3269 1286 3334 342

747 3421 1187 3503 Spectandum
1231 3440 1312 3483 ne
1357 3422 1502 3504 quoi
1549 3424 1799 3485 anulum
1844 3421 1951 3483 det
1995 3432 2464 3505 neque-roget,

754 3552 953 3617 Talos
998 3573 1078 3616 ne
1120 3553 1459 3635 quoiquam
1506 3553 1744 3616 homini
1788 3552 2132 3616 admoueat
2174 3553 2293 3615 nisi
2338 3553 2487 3617 tibi:

502 3721 652 3767 num
695 3702 836 3765 iilos
880 3722 1138 3786 quoque
1181 3703 1484 3767 defendat
1511 3706 1878 3786 quaerimus
1911 3704 2018 3785 qui
2043 3702 2436 3785 praecedunt
2462 3702 2581 3767 ³0.
2610 3701 2706 3766 ³1:
2779 3720 2790 3733 ·1

751 3854 982 3937 Neque
1023 3854 1208 3917 illaec
1253 3857 1363 3918 ulii
1408 3855 1573 3937 pede
1616 3856 1844 3939 pedem
1890 3856 2121 3918 homini
2168 3865 2454 3936 premat:

750 3986 959 4065 Quom
982 3996 1233 4071 surgat,
1256 4008 1466 4073 neque
1489 3991 1552 4052 in
1577 3992 1812 4054 lectum
1840 3991 2174 4054 inscendat
2195 4009 2590 4071 proxumum
2605 3983 2704 4048 -ξ
2781 3966 2788 3999 ³

506 4119 610 4182 Ad
655 4122 775 4183 hos
818 4120 983 4184 enim
1032 4140 1255 4186 omnes
1301 4123 1525 4186 similis
1584 4122 1958 4207 depravatio
2010 4123 2312 4205 pertinuit
2353 4141 2394 4185 e
2433 4132 2554 4187 sat
2597 4118 2706 4185 levi

503 4267 733 4315 caussa
778 4255 1067 4340 oriunda,
1110 4274 1235 4337 qua
1279 4257 1378 4320 sic
1417 4277 1540 4321 non
1585 4256 1989 4320 incommode
2032 4256 2500 4321 liberabuntur:

2453 4456 2486 4474 ἢ
