2824 4890
514 347 638 409 Lx

509 545 660 607 Non
705 544 905 606 minor
951 557 1249 604 numerus
1290 547 1395 603 est
1440 557 1774 622 perperam
1819 538 1880 601 in
1927 537 1989 599 A
2034 534 2574 616 transpositorum,
2609 537 2663 590 ot

508 682 699 743 eorde
734 699 869 741 meo
911 677 1061 758 223,
1102 680 1281 757 patri
1321 677 1624 739 audacter
1661 673 1789 736 :358
1803 717 1824 755 ,
1869 693 1969 733 me
2014 673 2132 732 hoc
2171 686 2366 731 unum
2407 663 2664 728 consolo-

511 827 618 882 tur
656 814 803 896 394,
850 817 1123 875 amicum
1162 829 1305 872 esse
1344 809 1492 887 456,
1537 809 1742 870 celere
1780 812 1876 869 sic
1915 806 2066 890 668,
2109 804 2313 866 oculis
2351 821 2460 880 eqo
2503 796 2664 861 10712

510 971 676 1037 quae
720 947 928 1013 omnia
969 952 1120 1006 sunt
1164 939 1527 1021 eiusmodi,
1591 947 1665 1001 ut
1701 938 1796 1000 eis
1838 935 2139 999 admissis
2186 934 2512 997 manifesto
2550 948 2661 991 me-

506 1098 673 1151 trum
719 1088 990 1147 corruat.
1079 1078 1288 1139 Etiam
1336 1074 1417 1137 ad
1462 1074 1748 1154 integros
1790 1088 2021 1133 versus
2064 1089 2265 1151 prava
2307 1063 2667 1146 transpositio

508 1218 816 1302 pertinuit
858 1236 920 1278 v,
952 1213 1056 1276 50.
1078 1210 1225 1274 ⁸763.
1306 1209 1452 1271 Nec
1494 1215 1830 1287 corruptae
1872 1206 1931 1267 in
1976 1204 2248 1288 singulis
2291 1201 2500 1264 verbis
2534 1196 2669 1259 scri-

509 1360 738 1433 pturae
782 1344 1079 1426 exempla
1121 1340 1378 1422 desunt,
1424 1339 1656 1422 quibus
1698 1339 2081 1422 integriores
2100 1336 2426 1399 Palatinos
2465 1330 2669 1393 habea-

508 1502 652 1547 mus
681 1527 701 1564 ,
768 1497 892 1542 nec
953 1477 1195 1540 leviora
1253 1481 1495 1537 tantum
1559 1481 1633 1535 ut
1695 1474 1903 1533 abiere
1958 1488 2072 1552 pro
2124 1471 2418 1531 abierunt
2453 1481 2517 1527 v.
2550 1457 2668 1532 5:35,

509 1617 797 1677 homines
839 1631 951 1693 pro
996 1628 1211 1672 omnes
1247 1606 1333 1669 29
1356 1651 1376 1688 ,
1435 1605 1573 1666 illio
1614 1621 1726 1686 pro
1775 1603 1877 1663 ille·
1914 1599 2080 1682 555,
2138 1597 2255 1660 sed
2316 1599 2500 1659 etiam
2549 1588 2670 1651 tulit

510 1743 722 1827 qualia
779 1749 925 1804 sunt
982 1745 1137 1821 quin
1192 1741 1347 1800 hene
1397 1743 1615 1798 vortat
1655 1755 1767 1817 pro
1813 1736 1882 1795 dn·
1921 1735 2078 1794 hene
2130 1737 2394 1794 uertant
2427 1725 2573 1800 502,
2620 1728 2671 1783 et
2782 1756 2784 1785 A

509 1874 963 1958 gravissimum
1010 1870 1304 1947 omnium,
1349 1867 1517 1949 quod
1556 1885 1821 1950 prorsus
1864 1865 2110 1947 respuit
2154 1864 2502 1928 sententiae
2521 1858 2668 1933 ratio,
2782 1898 2784 1910 .

508 2009 813 2084 bonisque
870 2007 1183 2063 euertisse
1243 1999 1534 2060 omnihus
1576 2016 1640 2061 v,
1684 1996 1811 2058 214
1852 2015 1965 2078 pro
2005 1998 2188 2057 bonis
2232 1999 2344 2078 qm·
2380 1991 2673 2056 monisse!
2775 2028 2784 2061 ἢ

507 2141 668 2200 suia.
754 2136 1097 2198 Praeterea
1141 2134 1512 2194 universum
1556 2149 1760 2213 genus
1803 2139 1905 2193 est
1945 2130 2289 2212 quoddam,
2336 2130 2392 2191 in
2431 2146 2546 2210 quo
2572 2139 2668 2185 non
2779 2157 2785 2195 2

498 2269 585 2332 sit
638 2266 926 2342 dubium,
1015 2264 1185 2344 quin·
1219 2260 1511 2342 calliopii
1582 2264 1870 2324 recensio
1932 2263 2194 2325 multum
2251 2261 2670 2324 Ambrosianus

499 2406 822 2483 praestet:
903 2395 1073 2482 quod
1136 2402 1239 2457 est
1294 2393 1872 2477 orthographicum.
1959 2394 2028 2456 In
2072 2413 2199 2476 quo
2242 2394 2363 2459 etsi
2406 2386 2669 2476 quasdam

501 2537 745 2600 formas
802 2551 888 2595 ex
948 2529 1323 2612 antiquitate
1376 2527 1683 2607 repetitas
1726 2525 1802 2587 -A
1848 2543 2101 2607 quoque
2156 2526 2339 2588 solus
2393 2518 2668 2592 servavit,
2773 2557 2781 2568 .

503 2675 571 2729 ut
608 2673 889 2727 nanctus
930 2682 993 2723 v.
1038 2658 1160 2741 63«,
1207 2665 1607 2736 eorrumplor
1648 2654 1795 2736 239,
1832 2659 2079 2734 factust
2116 2657 2201 2719 43
2216 2699 2239 2736 ,
2289 2657 2449 2738 alia,
2493 2662 2668 2714 tamen

501 2801 560 2862 si
602 2819 640 2861 e
683 2796 1075 2861 multitudine
1119 2794 1553 2873 exemplorum
1603 2789 1902 2854 iudicium
1950 2789 2195 2873 facian,
2250 2791 2374 2854 dici
2427 2790 2532 2851 vix
2568 2802 2667 2866 po-

505 2946 634 3000 test
693 2942 928 3016 quanto
987 2929 1248 3012 propius
1292 2928 1373 2990 ad
1416 2928 1617 3008 ipsius
1675 2935 1909 3007 poetae
1951 2934 2231 2989 aetatem
2280 2925 2667 2990 Palatinomm

501 3070 608 3132 vel
652 3075 722 3129 ut
763 3064 1000 3128 rectius
1042 3061 1248 3124 dicam
1292 3059 1673 3124 Palatini²B
1713 3060 2017 3123 memoria
2060 3079 2253 3142 quam
2304 3047 2668 3122 Ambrosiam

499 3197 792 3275 accedat,
837 3196 896 3257 in
938 3214 1064 3278 quo
1107 3192 1488 3273 saepissime
1531 3213 1714 3269 oum,
1754 3200 1961 3270 uer-to,
2006 3196 2270 3266 saluus,
2316 3202 2417 3256 est
2452 3192 2667 3272 legatur

499 3331 609 3393 ubi
654 3331 926 3411 priscam
972 3327 1289 3392 scribendi
1334 3329 1638 3390 rationem
1684 3347 1898 3408 quom,
1959 3327 2176 3403 nor-to,
2218 3325 2582 3400 calueh-st
2611 3311 2678 3376 ὀἱ

497 3467 564 3531 id
606 3485 813 3551 genus
857 3467 1095 3547 reliqua
1139 3465 1349 3526 Vetus
1390 3464 1503 3525 illo
1546 3463 1919 3542 plerumque
1961 3459 2138 3521 solus
2183 3467 2471 3522 testatur.

667 3601 854 3680 Quae
899 3618 1041 3663 cum
1087 3601 1174 3663 ita
1216 3601 1373 3677 sint,
1440 3596 1853 3679 consequitur
1897 3602 1964 3656 ut
2004 3593 2110 3657 hic
2154 3613 2408 3676 quoque
2446 3597 2512 3650 ut
2546 3580 2669 3646 ubi·

497 3752 621 3815 que
680 3747 956 3814 regnare
1021 3735 1439 3797 rationem
1502 3732 1738 3796 dobere
1798 3732 2271 3822 intelligamus,
2344 3748 2467 3813 qua
2524 3714 2666 3806 quod
2783 3759 2784 3786 }

494 3875 726 3948 suapte
770 3867 1005 3929 virtute
1048 3877 1337 3949 praestet
1380 3879 1445 3928 et
1486 3869 1545 3929 in
1592 3868 1749 3929 artis
1793 3874 2134 3948 praecepta
2180 3865 2551 3948 linguaeque
2587 3855 2668 3916 le·

492 4018 617 4081 ges
678 4009 745 4062 et
789 4009 1020 4080 poetae
1079 4001 1394 4083 ingenium
1459 4003 1804 4061 conveniat
1827 4040 1848 4079 ,
1911 3997 2274 4081 deligamus
2328 4006 2393 4059 et
2446 3996 2668 4075 praetor
2773 4011 2784 4054 τ,

496 4136 753 4198 testium
799 4131 1207 4217 quantumvis
1253 4127 1655 4220 vetuspor‘um
1695 4131 2118 4194 reverentiam
2145 4130 2500 4212 probemus.
2541 4124 2668 4187 Neo
2775 4151 2785 4190 η

493 4267 684 4347 igitur
744 4275 1122 4347 propterea,
1191 4259 1357 4347 quod
1388 4285 1389 4290 ¹
1425 4255 1658 4346 aliquid
1721 4266 1867 4328 sive
1924 4265 1985 4328 A
2037 4265 2245 4327 solum
2311 4264 2453 4325 sive
2510 4255 2662 4319 solos
2782 4287 2785 4338 l
