2824 4890
746 1296 1654 1388 PROLEGOMEN
1658 1295 1835 1386 ΟΝ

1076 1539 1403 1597 cffv'r
1435 1539 1503 1594 1.

361 1734 418 1795 Ε
474 1735 784 1797 Plautinis
848 1733 1170 1797 codicibus
1223 1734 1654 1795 Trinummum
1715 1725 2077 1790 tenentibus
2135 1720 2394 1784 circiter

186 1869 477 1949 triginta,
521 1889 684 1952 quos
727 1891 840 1951 per
860 1873 1117 1936 Italicas
1162 1871 1558 1953 potissimum
1605 1865 2021 1927 bibliothecas
2063 1859 2394 1940 dispersos

188 2003 300 2063 vel
344 2002 604 2083 inspexi
648 2004 752 2064 vel
802 2002 1108 2083 excussi,
1172 2001 1293 2063 hos
1333 1998 1545 2079 delegi
1591 1996 1821 2077 quibus
1864 1993 1944 2056 ad
1990 1992 2157 2054 hanc
2201 1987 2397 2052 fabu-

190 2132 317 2195 lam
368 2131 834 2195 emendandam
881 2144 1138 2214 uterer,
1194 2133 1576 2215 reliquorum
1622 2129 1915 2210 exempla
1969 2143 2084 2207 per
2136 2122 2395 2184 aliarum

190 2264 548 2328 fabularum
594 2242 1129 2347 opportunitatem
1180 2274 1712 2348 expromptums:
1767 2259 1857 2329 A
1902 2260 2392 2322 Ambrosianum

190 2405 708 2486 palimpsestum,
755 2401 847 2470 B
891 2392 1242 2468 ‘Veterem’
1266 2403 1555 2466 codicem
1585 2399 1958 2480 Camerarii‚
1995 2393 2070 2464 ί)
2113 2393 2395 2459 eiusdem

189 2523 675 2616 ‘Decurtatum'‚
720 2535 818 2601 Ι)
869 2538 1251 2599 Vaticanum
1294 2535 1742 2607 Vrsinianum‚
1802 2530 1885 2596 Ε
1929 2548 2140 2592 meum
2185 2543 2393 2609 quen-

190 2665 338 2732 dam
385 2667 449 2728 in
495 2668 750 2730 Etruria
797 2677 1103 2751 emptum,
1148 2666 1234 2733 F
1278 2667 1709 2747 Lipsiensem,
1761 2661 1848 2730 G
1899 2659 2156 2729 HJK
2197 2659 2393 2722 Vati-

197 2816 415 2861 canos.
505 2797 754 2875 Quibus
811 2800 1063 2861 accedit
1121 2796 1198 2862 Z
1260 2798 1453 2860 editio
1512 2800 1822 2879 princeps.
1906 2795 2008 2856 De
2063 2792 2164 2854 his
2223 2792 2393 2854 libris

192 2930 474 2992 omnium
520 2931 787 3011 primum
832 2931 1025 2995 video
1070 2930 1222 2993 mihi
1264 2929 1630 3011 singillatim
1676 2925 2007 2990 dicendum
2054 2941 2225 2986 esse.

354 3059 453 3128 A
498 3062 919 3126 membranae
961 3064 1554 3146 palimpsestae
1596 3061 2018 3125 bibliothecae
2065 3058 2392 3120 Ambro-

185 3194 518 3275 sianae‚
581 3195 708 3259 huc
749 3195 991 3258 saeculi
1031 3215 1187 3260 xvu.
1248 3198 1426 3260 initio
1472 3197 1765 3271 delatae,
1825 3202 1894 3258 ut
1943 3194 2199 3255 Asnam
2240 3191 2390 3251 ΜΑι

189 3326 392 3405 praef.
435 3326 500 3387 in
547 3327 720 3389 lliad.
764 3328 993 3409 fragm.
1035 3349 1094 3410 p.
1125 3347 1218 3392 ιν.
1258 3329 1624 3392 testimonio
1668 3334 1965 3405 coiistat,
2024 3343 2108 3384 ex
2162 3321 2393 3383 illustri

185 3460 293 3521 illo
338 3462 652 3522 coenobio
699 3463 771 3523 S.
819 3463 1197 3525 columbani
1241 3465 1581 3544 Bobiensi,
1644 3462 1819 3525 cuius
1878 3467 2182 3522 accurate
2233 3475 2389 3536 per-

186 3591 492 3672 scriptam
562 3591 882 3656 historiam
939 3594 1274 3657 Amedeus
1339 3597 1594 3677 Peyron
1652 3592 1984 3656 Ciceronis
2039 3593 2390 3652 orationum

188 3724 570 3805 fragmentis
614 3741 652 3785 a
700 3734 908 3788 semet
951 3724 1143 3787 editis
1187 3725 1542 3807 praemisiti
1598 3724 1657 3786 in
1701 3723 2122 3786 Ambrosiana
2167 3683 2390 3782 bibliis-

187 3853 377 3918 theca
417 3854 499 3916 ab
547 3852 775 3917 eodem
823 3857 1015 3918 mmo
1062 3864 1356 3938 repertae
1400 3865 1466 3919 et
1510 3830 1722 3938 aliqua
1779 3873 1861 3915 ex
1918 3860 2100 3933 parte
2143 3848 2396 3912 descri-

185 3995 333 4066 ptae
354 3986 513 4050 libro
539 3986 851 4069 singulari
874 3987 1222 4050 Mediolani
1266 4005 1433 4049 anno
1478 3986 1667 4048 huius
1710 3984 1958 4048 saeculi
1998 3999 2112 4044 xv.
2152 3979 2391 4041 emisso

179 4105 295 4183 ‘BL
338 4117 523 4182 Accii
578 4119 789 4182 Plauti
850 4120 1218 4204 fragmenta
1269 4107 1527 4183 inedita'
1571 4139 1628 4180 e.
1671 4136 1730 4199 q.
1774 4134 1860 4180 s.2
1924 4113 2134 4175 denuo
2193 4130 2233 4173 a
2284 4130 2389 4175 me

193 4259 624 4330 pertractatae
666 4262 735 4315 et
776 4255 1095 4337 aliquanto
1127 4252 1375 4336 plenius
1417 4249 1776 4332 descriptae
1818 4246 1877 4309 in
1923 4245 2195 4329 epistula
2238 4244 2390 4307 Me-
