2824 4890
454 370 637 436 CCI:

456 554 591 615 rius
652 548 734 612 ad
794 567 983 612 aures
1049 546 1305 612 accidat
1358 564 1547 628 quam
1598 545 1817 625 specie
1870 552 2110 606 tantum
2156 545 2396 608 similia
2451 534 2688 608 heac?-

452 684 662 747 m’olao
704 688 770 743 et
808 682 1196 741 maritatam:
1234 698 1400 762 quae
1444 676 1762 759 asperitas
1825 676 2011 740 nobis
2070 687 2199 740 tam
2243 687 2347 739 est
2390 678 2689 742 molesta

458 817 601 879 visa
645 824 714 877 ut
752 833 897 876 eum
945 830 1200 874 versum
1245 830 1369 873 non
1417 810 1846 874 dubitaremus
1886 811 2170 873 immisso
2217 812 2325 872 Ιιέσ
2365 808 2451 872 ad
2494 812 2687 875 illius
2730 809 2735 816 ’

455 946 926 1012 similitudinem
973 961 1285 1008 revocare
1328 943 1437 1025 qni
1480 952 1584 1005 est
1622 943 1687 1006 in
1732 942 1967 1006 Bacch.
2009 941 2170 1008 5⁰6:

623 1073 800 1168 Num
846 1123 1012 1187 quae
1055 1103 1426 1166 aduenienti
1464 1099 1799 1184 aegritudo

622 1246 882 1307 Tantae
933 1245 1121 1306 molis
1181 1252 1319 1305 erat
1379 1241 1882 1322 septenariorum
1929 1240 2395 1304 trochaicorum
2441 1255 2515 1307 et
2560 1264 2681 1307 ar-

456 1402 583 1456 tem
631 1393 929 1455 eximiam
988 1402 1052 1455 et
1109 1391 1419 1454 modicam
1481 1393 1801 1472 certisque
1846 1389 2072 1451 fluibus
2115 1392 2678 1471 circumscriptam

459 1526 810 1589 libertatem
856 1524 1196 1605 explicare.
1261 1524 1370 1584 Ne
1412 1531 1624 1583 tamen
1667 1522 1726 1582 in
1772 1523 2021 1583 nimiam
2070 1522 2295 1582 molem
2342 1522 2676 1601 praefatio

457 1665 726 1736 crescat,
742 1656 980 1737 reliqua
1011 1662 1215 1717 metra
1237 1653 1416 1716 mitto
1446 1652 1509 1713 in
1534 1670 1865 1731 praesens,
1889 1651 1951 1713 in
1972 1669 2049 1713 eo
2072 1652 2209 1712 solo
2232 1650 2676 1730 acquiescens

457 1794 528 1848 ut
567 1786 968 1847 iambicorum
1002 1785 1590 1864 trochaicorumque
1634 1784 1692 1844 in
1720 1781 2122 1844 observando
2150 1789 2418 1843 accentu
2456 1799 2674 1843 seve-

456 1917 621 1978 ritati
653 1935 914 1998 prorsus
934 1921 1287 1998 oppositam
1314 1936 1467 1979 esse
1493 1918 2046 1998 anapaesticorum
2080 1917 2398 1979 licentiam
2433 1916 2671 1992 dicam,

460 2056 682 2128 utpote
735 2051 851 2111 vix
904 2048 1045 2111 uilis
1086 2050 1150 2111 in
1204 2068 1282 2110 eo
1326 2066 1569 2130 genere
1627 2049 1873 2132 legibus
1929 2052 2296 2112 astrictam:
2365 2048 2427 2111 id
2488 2049 2669 2130 quod

461 2179 649 2241 etiam
698 2177 780 2241 de
821 2180 1104 2243 iambicis
1147 2182 1489 2243 octonariis
1521 2181 1754 2244 dictum
1801 2199 1952 2243 esse
1995 2183 2171 2262 volo,
2216 2201 2338 2242 non
2385 2184 2543 2243 item
2586 2183 2669 2244 de

456 2312 833 2391 septenariis
881 2312 1185 2374 iambiciS.
1235 2314 1861 2378 Abillorun1·autem
1906 2321 2083 2378 veris
2128 2319 2476 2380 rationibus
2505 2339 2666 2400 per-

453 2443 801 2523 spiciendis
860 2444 1231 2527 longissime
1289 2449 1529 2528 abfuit,
1588 2454 1775 2513 cuius
1834 2439 2074 2515 teretes
2113 2453 2397 2514 nimirum
2465 2473 2665 2517 aures

458 2581 579 2645 hos
609 2593 915 2647 accentus
952 2586 1342 2651 fastidirent:

617 2741 838 2821 Magis
895 2759 1085 2823 qnam
1144 2739 1207 2804 id
1267 2740 1553 2825 repultd,
1624 2754 1751 2807 tam
1797 2745 2004 2827 magis
2049 2745 2214 2827 urdr,
2260 2767 2430 2829 quae
2475 2750 2663 2812 meus

1782 2876 1949 2941 filius
1992 2879 2285 2945 turbauit.

620 3000 849 3066 Omnia
894 3025 996 3068 me
1043 3005 1206 3069 mala
1249 3009 1727 3095 consectanttir,
1774 3012 2063 3078 omuibus
2108 3013 2318 3079 exitiis
2362 3013 2596 3082 interii.

458 3137 638 3200 Haec
696 3140 888 3219 igitur
948 3150 1011 3202 et
1064 3142 1162 3203 his
1217 3150 1494 3226 cognata
1552 3166 1716 3210 nunc
1780 3150 1998 3230 mitte,
2070 3159 2138 3210 ut
2200 3151 2392 3233 longe
2458 3153 2657 3214 uber-

454 3267 679 3330 rimum
721 3270 951 3352 locum,
999 3276 1107 3353 qui
1153 3273 1232 3334 de
1279 3284 1592 3337 accentus
1632 3277 1918 3340 doctriua
1963 3291 2183 3361 restat,
2230 3289 2456 3363 paucis
2500 3306 2659 3367 per-

446 3401 756 3485 stringam
801 3406 1013 3485 potius
1057 3425 1246 3487 quam
1308 3406 1519 3469 debita
1577 3412 1716 3472 eius
1771 3414 2077 3493 gravitati
2114 3414 2442 3498 diligentia
2503 3439 2657 3500 per-

447 3547 736 3602 tractem.

1284 3858 1604 3918 cAPv'r
1642 3862 1842 3919 xv·-

651 4176 897 4241 Etenim
960 4197 1126 4261 quae
1181 4200 1293 4261 per
1366 4180 1665 4261 superius
1725 4189 1912 4262 caput
1990 4188 2187 4243 tolum
2265 4176 2341 4242 (Ιυ
2419 4199 2657 4245 accen·

455 4317 523 4369 tu
594 4308 894 4394 disserui,
978 4313 1058 4374 ad
1140 4322 1756 4396 grammaticum
1851 4328 2284 4378 accentum
2358 4326 2653 4396 spectant
