2824 4890
409 339 479 403 Χ

420 526 665 588 Harum
733 518 923 603 igitur
993 514 1362 598 paginarum
1432 508 1765 613 sciendum
1830 517 1933 571 est
1996 527 2260 587 prorsus
2322 513 2634 573 intactam

422 658 802 720 Bobiensem
846 650 1159 713 librarium
1205 648 1409 709 solam
1455 647 1716 707 alteram
1776 646 2145 725 reliquisse:
2206 651 2268 708 in
2327 667 2408 709 ea
2463 666 2638 728 quae

424 796 592 879 prior
635 801 736 855 est
778 790 1131 873 posteriore
1174 788 1492 865 scriptura
1543 791 1716 844 tetes
1757 800 1992 844 vacare
2031 798 2260 843 versus
2292 783 2353 844 9.
2396 781 2496 844 10.
2536 781 2631 845 12.

429 926 652 994 15.16.
687 921 1034 1002 17.18.19,
1081 936 1278 1000 prope
1321 925 1519 978 totum
1562 915 1627 995 8,
1675 932 1760 975 ex
1804 922 1986 995 parte
2029 913 2217 975 etiam
2253 912 2362 977 11:
2411 922 2640 975 eontra

424 1085 549 1130 non
608 1061 1005 1126 mediocriter
1059 1071 1359 1119 corrosos
1417 1062 1748 1133 utramque
1807 1050 2102 1132 paginam
2158 1066 2396 1110 versus
2445 1046 2531 1109 13
2575 1056 2640 1108 et

429 1201 508 1261 14
567 1194 930 1259 ostendere.
977 1223 1058 1236 —
1100 1189 1448 1251 Praeterea
1503 1181 1957 1266 percommode
2013 1201 2076 1242 v.
2119 1181 2264 1245 789.
2309 1182 2462 1245 790.
2509 1184 2631 1246 791

427 1339 759 1415 prepterea
813 1329 1142 1411 leguntur,
1204 1323 1371 1406 qued
1429 1323 1490 1384 in
1550 1322 1838 1403 margine
1893 1319 2114 1402 scripti
2156 1329 2303 1382 sunt
2348 1324 2638 1405 paginae

430 1465 595 1548 433,
657 1482 799 1526 cum
855 1463 914 1524 in
971 1463 1112 1542 ipsa
1170 1458 1585 1521 continuitate
1627 1457 2065 1520 plautinorum
2109 1456 2458 1519 verberum
2504 1458 2636 1519 im-

428 1598 777 1683 prudenter
824 1598 1040 1662 omissi
1084 1606 1306 1659 essent
1349 1614 1387 1657 a
1432 1595 1702 1658 librario.
1791 1598 2059 1659 Praeter
2097 1597 2236 1659 illes
2283 1598 2451 1661 enim
2504 1607 2639 1662 tres

429 1735 793 1800 versiculos
847 1733 999 1796 nibil
1049 1749 1313 1813 prorsus
1371 1732 1436 1793 in
1497 1751 1556 1813 p.
1599 1729 1743 1793 433.
1798 1729 1923 1793 434
1971 1729 2103 1814 legi
2155 1733 2449 1812 potuisse
2509 1753 2639 1796 nen

430 1870 786 1951 mirabere,
851 1868 959 1930 ubi
1015 1865 1155 1929 eius
1212 1867 1618 1930 membranae
1660 1871 2047 1951 compereris
2090 1870 2236 1932 nibil
2284 1872 2410 1933 nisi
2447 1871 2642 1955 ipsos

430 2007 748 2088 margines
788 2004 1174 2087 superstites
1219 2024 1387 2068 esse.
1472 2005 1658 2084 Quae
1697 2007 1754 2068 ei
1798 2005 2085 2069 condicio
2127 2009 2488 2069 communis
2534 2016 2641 2068 est

431 2165 577 2212 cum
622 2165 681 2228 p.
727 2145 866 2209 421.
909 2142 1036 2206 4²2
1078 2150 1143 2205 et
1186 2142 1308 2206 427
1329 2164 1389 2204 a.
1435 2142 1667 2206 42811:
1714 2143 1813 2205 sic
1859 2143 2022 2204 enim
2066 2143 2185 2206 has
2230 2143 2643 2208 discrimina-

431 2284 642 2346 vimus
685 2282 764 2344 ab
809 2280 906 2343 eis
950 2299 1116 2363 quae
1161 2281 1723 2345 Menaechmorum
1769 2280 2008 2344 initium
2052 2298 2200 2343 cum
2247 2290 2425 2362 parte
2467 2301 2641 2362 pre·

430 2424 565 2506 logi
623 2430 875 2506 tenent,
934 2428 1004 2483 ut
1058 2418 1290 2502 quibus
1344 2417 1547 2480 nullos
1613 2418 1864 2480 omnine
1922 2435 2220 2480 numeres
2266 2417 2476 2480 Maius
2527 2418 2640 2482 in-

429 2558 779 2640 scripserit.
868 2555 1200 2622 Consimili
1225 2553 1394 2616 idem
1429 2553 1835 2617 festinatione
1862 2558 1924 2615 in
1953 2552 2351 2616 numerandis
2382 2555 2645 2635 paginis

436 2711 696 2774 prorsus
755 2691 1042 2774 neglexit
1093 2690 1276 2752 4460:
1332 2697 1397 2753 et
1450 2691 1578 2752 445
1592 2692 1646 2752 b.
1701 2723 1784 2735 —-
1845 2689 2147 2754 Ceterum
2211 2706 2368 2772 quas
2412 2701 2644 2770 partes

430 2827 686 2891 fabulae
733 2847 851 2890 eae
893 2829 1296 2892 membranae
1356 2827 1710 2909 tenuerint,
1772 2844 1935 2910 quae
1993 2842 2162 2887 nunc
2217 2825 2323 2887 vel
2381 2828 2516 2887 situ
2569 2836 2639 2888 et

434 2963 696 3024 madore
752 2966 984 3024 misere
1040 2962 1294 3025 lacerae
1349 2972 1502 3024 sunt
1552 2961 1659 3024 vel
1713 2957 1994 3022 radendo
2038 2958 2435 3042 eluendeque
2475 2977 2631 3022 ccr-

433 3104 678 3178 ruptae,
724 3093 804 3159 ad
847 3097 1321 3193 instaurandam
1364 3109 1579 3164 autem
1622 3103 1947 3184 pristinam
1974 3100 2352 3182 scripturam
2380 3121 2425 3165 a
2455 3103 2642 3166 Maio

433 3231 812 3313 infuscatae,
858 3233 1067 3316 aliqua
1111 3255 1195 3299 ex
1237 3247 1421 3319 parte
1462 3239 1559 3302 sic
1602 3243 1693 3302 uti
1732 3239 2243 3323 significavimus
2270 3243 2442 3307 licuit
2463 3242 2643 3308 baud

433 3368 749 3454 ambiguis
788 3370 1036 3434 indiciis
1080 3391 1325 3440 eruere.
1412 3377 1691 3440 Primum
1737 3384 1900 3442 enim
1943 3380 2007 3442 in
2049 3400 2112 3463 p.
2129 3380 2249 3445 431
2302 3384 2431 3448 ima
2473 3383 2650 3448 bace

434 3514 858 3583 apparuerunt
899 3524 1204 3573 versuum
1254 3510 1439 3576 1001.
1483 3513 1651 3577 1003
1691 3516 1901 3581 initia:

856 3638 935 3701 18
1018 3657 1105 3712 ου
1129 3684 1526 3706 ..........
1552 3664 1636 3719 ου
1680 3691 2128 3714 ........
2173 3666 2259 3722 ου

852 3773 932 3835 19
1012 3794 1731 3848 rumAumewvsA}
1813 3837 1829 3853 .
1876 3834 1894 3851 .
1939 3833 1955 3850 .
2002 3834 2022 3850 .
2061 3833 2077 3849 .
2127 3835 2141 3850 .
2191 3832 2205 3848 .

434 3899 499 3963 bi
544 3909 755 3969 autem
800 3926 1103 3974 versuum
1148 3912 1328 3977 1014.
1382 3917 1547 3981 1015
1589 3922 1801 3984 exitus
1847 3924 1907 3986 in
1952 3925 2078 3988 ima
2123 3944 2184 4006 p.
2229 3923 2388 3989 432:

855 4045 935 4107 17
1017 4093 1034 4111 .
1203 4093 1221 4112 .
1387 4096 1405 4115 .
1577 4099 1593 4117 .
1764 4100 1781 4118 .
1953 4102 1969 4118 .
2139 4101 2157 4120 .
2243 4076 2443 4123 umas

859 4183 940 4245 18
1022 4227 1040 4246 .
1207 4229 1225 4248 .
1394 4231 1411 4249 .
1582 4234 1599 4252 .
1763 4234 1782 4253 .
1954 4236 1969 4253 .
2142 4234 2159 4252 .
2248 4210 2398 4255 ..us

740 4301 1043 4380 '19.
