2824 4890
472 356 699 421 xvm

470 545 717 610 saeculi
759 544 941 607 annis
982 561 1149 608 xnn.
1178 554 1243 606 et
1270 559 1461 607 xvm.
1506 543 2051 625 circumscriptum
2096 551 2226 624 est,
2269 561 2461 626 qnam
2506 547 2671 627 (quo

468 639 766 761 spectare
809 676 1073 760 Vgoloti
1115 677 1536 740 narrationem
1582 695 1782 758 nuper
1805 675 1975 753 dixi)
2002 676 2249 741 concilii
2274 677 2677 741 Basileensis

471 822 791 891 tempore,
846 810 1032 871 cuius
1088 809 1325 871 initium
1383 807 1503 870 i'uit
1559 825 1617 870 a.
1672 825 1849 869 xxxi.
1953 808 2055 869 De
2115 806 2240 869 hoc
2298 808 2497 889 igitur
2549 809 2677 871 etsi

467 944 941 1024 Vespasianum
984 941 1209 1005 fefellit
1250 940 1484 1022 opinio,
1530 938 1794 1023 proclivi
1840 959 2057 1003 errore
2095 940 2325 1004 similia
2379 939 2508 1003 sed
2551 960 2677 1005 ea-

468 1073 613 1137 dein
656 1083 869 1136 tamen
916 1073 1194 1154 disparia
1237 1073 1648 1135 miscentem:
1706 1079 1773 1134 at
1823 1071 1981 1134 illud
2035 1071 2325 1153 profecto
2384 1091 2520 1135 non
2562 1077 2676 1136 vi·

468 1205 716 1270 debitur
768 1202 1043 1267 fluxisse
1105 1201 1274 1285 quod
1339 1220 1569 1264 recens
1635 1206 1699 1264 in
1767 1204 1976 1266 lucem
2036 1214 2401 1285 protractas
2455 1206 2671 1271 Plauti

466 1338 834 1404 comoedias
879 1337 1372 1400 emendasse
1417 1337 1812 1419 Poggium
1855 1347 1936 1401 et
1977 1337 2472 1422 Gregorium
2519 1339 2673 1404 Co-

469 1493 733 1538 rerum
799 1473 1196 1535 Venetum
1260 1479 1338 1534 et
1399 1470 1612 1534 alios
1676 1473 2018 1535 memoriae
2082 1472 2304 1554 prodit.
2413 1471 2525 1537 Ac
2589 1472 2673 1536 de

467 1607 721 1691 Poggio
787 1605 1041 1689 quidem
1111 1605 1262 1668 vide
1323 1605 1472 1668 mihi
1536 1624 1722 1687 quam
1785 1609 2054 1688 egregie
2120 1605 2231 1668 tali
2292 1604 2671 1668 testimonio

466 1744 684 1799 nostra
725 1736 1088 1798 coniectura
1136 1734 1543 1797 confirmetur
1583 1753 1771 1816 quam
1823 1733 2075 1815 Proleg.
2113 1753 2173 1815 p.
2198 1750 2410 1796 xnvn.
2447 1735 2673 1816 expli-

464 1869 783 1931 cavimus.
877 1867 1123 1930 Sooiati
1173 1884 1318 1929 cuin
1380 1866 1643 1950 Poggio
1689 1863 1994 1948 Gregorii
2040 1864 2268 1928 Cereri
2319 1866 2449 1928 etsi
2496 1864 2667 1947 apud

464 1998 735 2062 eundem
780 1999 1247 2079 Vespasianum
1292 2000 1428 2060 vita
1467 2004 1685 2059 exstat
1725 2018 1786 2079 p.
1831 1997 1952 2061 311
1998 2015 2140 2080 sqq.
2153 2040 2176 2078 ,
2234 1997 2386 2059 nihii
2447 2006 2667 2062 umen

464 2131 631 2215 quod
674 2132 799 2194 huc
839 2133 1059 2194 valeat
1101 2130 1245 2193 inde
1286 2129 1570 2226 discitur.
1670 2129 1807 2194 Sed
1852 2130 1908 2193 is
1958 2140 2026 2193 et
2069 2140 2320 2212 praeter
2364 2151 2524 2195 eum
2566 2134 2668 2197 alii

462 2265 521 2328 si
564 2281 710 2328 cuni
754 2263 1005 2347 Poggio
1047 2261 1422 2325 emendandi
1468 2280 1726 2345 operam
1768 2264 2354 2329 communicabant:
2401 2261 2665 2329 tametsi

462 2398 763 2464 noviciae
803 2397 1197 2462 recensionis
1237 2396 1574 2461 Plautinae
1605 2413 1842 2479 magna
1887 2406 1990 2459 est
2035 2395 2098 2458 in
2141 2397 2336 2480 longe
2380 2397 2665 2480 plurimis

462 2532 636 2597 libris
678 2532 1116 2614 aequabilitas,
1164 2540 1379 2594 tamen
1418 2530 1611 2593 facile
1651 2527 1786 2592 fieri
1830 2531 2123 2610 potuisse
2166 2530 2549 2614 intelligitur
2597 2540 2661 2593 ut

460 2668 843 2752 quibusdam
887 2667 1047 2730 locis
1089 2676 1154 2729 et
1196 2667 1362 2731 aliae
1404 2667 1484 2729 ab
1526 2668 1670 2730 aliis
1702 2666 2186 2730 emendationes
2217 2666 2656 2731 admoveren-

458 2807 564 2859 tur
602 2806 668 2858 et
711 2813 825 2875 per
863 2796 988 2857 alia
1023 2797 1317 2877 exempla
1342 2795 1505 2859 aliae
1530 2806 2052 2879 propagarentur.
2141 2796 2456 2860 Ceterum
2490 2798 2656 2881 quod

458 2947 499 2992 a
542 2928 800 3010 Poggio
850 2936 916 2990 et
963 2926 1203 2990 Corero
1247 2928 1580 2991 Plautinae
1624 2930 2000 2993 comoediae
2057 2931 2117 2992 in
2173 2928 2466 2994 ordinem
2512 2949 2655 2994 eno

463 3058 768 3123 redactae
809 3069 1169 3144 narrantur,
1229 3081 1354 3124 non
1397 3073 1613 3145 potest
1653 3064 1779 3127 alio
1819 3073 2119 3145 spectare
2162 3065 2281 3128 nisi
2327 3065 2510 3149 qnod
2550 3085 2654 3128 re-

458 3208 615 3255 cens
655 3201 943 3274 repertas
982 3195 1308 3258 tralaticiis
1345 3194 1782 3258 subiunxerint
1821 3214 2074 3278 unoque
2116 3213 2393 3278 corpore
2438 3208 2654 3262 utras-

455 3347 584 3411 que
627 3329 1234 3412 comprehenderint.

621 3464 722 3527 Ad
773 3465 976 3527 bonos
1025 3474 1241 3528 autem
1281 3465 1478 3528 libros
1515 3460 1787 3530 Bel)
1816 3463 1985 3546 quod
2028 3465 2277 3548 attinet,
2319 3465 2655 3529 sciendum

454 3605 557 3659 est
595 3596 983 3677 singularem
1026 3598 1329 3661 rationem
1376 3596 1554 3678 primi
1602 3607 1671 3660 et
1711 3598 1880 3659 tertii
1922 3615 2066 3660 cum
2111 3597 2173 3659 in
2203 3598 2348 3660 aliis
2379 3598 2655 3680 quibus·

452 3721 599 3785 dam
630 3755 633 3760 ·
659 3721 887 3786 fabulis
945 3734 1075 3790 tuni
1132 3736 1386 3808 praeter
1442 3736 1698 3790 ceteras
1756 3727 1818 3789 in
1875 3728 2080 3791 Milite
2133 3728 2423 3812 glorioso
2481 3749 2659 3795 eme.

452 3854 623 3920 Nam
659 3870 804 3917 cum
840 3851 914 3921 (J
944 3859 1380 3919 correctiones
1408 3857 1643 3920 habeat
1687 3877 2042 3939 perpaucas
2075 3878 2324 3941 easque
2363 3880 2409 3924 a
2450 3863 2657 3942 pri-a

444 4004 643 4049 manu
703 3994 945 4050 tantum
1001 4005 1123 4049 non
1182 4005 1443 4070 omnes,
1508 3997 1732 4052 contra
1793 4007 1918 4051 non
1978 3991 2159 4053 unius
2211 3989 2335 4052 sed
2382 3990 2656 4054 duoru-

447 4125 875 4179 correctorum
914 4135 1167 4184 inanum
1204 4116 1298 4183 B
1357 4129 1424 4183 et
1483 4115 1579 4183 1)
1623 4121 1866 4202 experti
1909 4129 2092 4185 sunt:
2151 4139 2279 4202 quo
2321 4120 2394 4183 iit
2434 4131 2505 4184 ut
2549 4132 2658 4185 to-

450 4246 574 4308 tie-
628 4248 688 4310 in
732 4251 1144 4314 annotatione
1196 4258 1416 4315 nostra
1464 4248 1622 4317 Ba
1668 4246 1828 4317 Bb
1870 4249 2022 4319 Bc
2068 4248 2230 4318 lla
2273 4248 2446 4319 nb
2490 4250 2654 4320 De
