2824 4890
1970 370 2255 434 Chxrn

152 556 318 610 euntes
364 559 597 630 tenent,
652 551 940 633 synizesi
975 553 1285 629 ¹nimirum
1333 555 1702 635 trisyllabas
1740 556 1955 616 factas
1998 575 2036 616 e
2083 572 2251 635 qua-

146 676 444 760 drisyllabis.
479 718 556 731 --
597 685 905 749 Ceterum
963 687 1089 750 etsi
1148 691 1284 748 seio
1343 704 1602 769 quoque
1657 698 1722 750 et
1782 693 1982 749 sciam
2025 709 2253 753 mono-

141 813 351 896 syllaba,
388 828 450 881 ut
487 840 615 882 meo
653 821 759 882 vel
802 841 1029 904 meam,
1071 828 1225 882 ante
1267 819 1565 881 vocalem
1607 819 1948 903 aliquoties
1992 839 2253 902 prorsus

139 940 463 1030 devorantur,
508 961 717 1013 tamen
761 951 1098 1033 diligenter
1142 949 1500 1013 cavendum
1546 960 1650 1012 est
1684 971 1788 1032 ne,
1835 951 2004 1034 quod
2048 953 2250 1014 refelli

136 1078 334 1139 rationis
368 1086 743 1147 necessitate
784 1094 1085 1167 nequeat,
1129 1083 1208 1146 ad
1251 1083 1635 1149 elevandam
1693 1087 2074 1167 elegantiam
2134 1088 2260 1175 ob-

134 1184 555 1296 sc'uraudamque
597 1219 1139 1299 perspicuitatem
1167 1218 1565 1283 adhibeatur.
1651 1220 1732 1282 Ei
1778 1222 2058 1283 cautioni
2104 1240 2249 1285 cum

132 1337 236 1398 alibi
271 1341 424 1406 loeus
463 1356 562 1410 est
603 1356 731 1410 tum
780 1349 951 1410 Trin.
999 1368 1061 1409 v.
1102 1350 1189 1411 96
1230 1367 1367 1431 sq.,
1431 1368 1699 1429 quorum
1762 1369 2064 1413 versuum
2127 1350 2253 1412 etsi

131 1469 253 1536 haue
288 1476 745 1562 descriptionem

318 1627 379 1690 Si
420 1629 477 1692 id
520 1629 649 1694 non
692 1652 791 1695 me
836 1650 1140 1713 accusas,
1186 1630 1327 1695 ttite
1370 1634 1511 1715 ipse
1555 1633 1989 1717 obiurgandus
2033 1653 2127 1699 es.

314 1758 446 1822 Scio
489 1774 553 1827 et
599 1766 654 1826 si
697 1762 822 1826 alia
868 1764 995 1828 huc
1039 1784 1238 1830 causa
1283 1768 1364 1831 ad
1411 1776 1476 1830 te
1518 1766 1771 1843 adueni,
1815 1788 2084 1850 aequom
2131 1768 2258 1851 pd-

1417 1905 1659 1966 stolas:

119 2010 190 2076 ita
224 2016 491 2090 defendas
535 2029 694 2092 licet
739 2049 883 2093 cum
931 2031 1169 2094 Wasio
1215 2049 1275 2112 p.
1326 2029 1476 2108 112,
1542 2039 1613 2092 ut
1661 2037 1795 2093 seio
1854 2040 1918 2094 et
1980 2052 2093 2113 pro
2136 2051 2264 2095 una

118 2163 244 2213 esse
280 2160 493 2238 syllaba
550 2165 781 2245 dicas,
837 2166 899 2229 id
958 2166 1126 2249 quod
1169 2168 1407 2228 factum
1457 2176 1562 2228 est
1607 2166 1758 2229 alibi
1796 2175 1901 2240 (ut
1945 2169 2120 2228 Men.
2165 2181 2264 2248 tv,

114 2277 168 2357 3,
204 2282 264 2346 3:
304 2291 449 2355 Scin
488 2301 653 2377 quid
690 2305 792 2359 est
831 2301 1002 2379 quod
1038 2318 1152 2376 eqo
1197 2299 1288 2360 a'd
1326 2307 1387 2360 le
1427 2303 1656 2360 uem‘o:
1710 2303 1845 2360 scio
1888 2299 1966 2360 u't
2005 2300 2121 2359 tibi
2174 2318 2263 2359 est·

110 2435 186 2476 me
216 2420 289 2483 eit
325 2430 560 2514 volup),
612 2441 826 2493 tamen
872 2450 1058 2512 quam
1098 2430 1294 2493 fallax
1323 2430 1407 2492 sit
1440 2429 1864 2491 insolentioris
1893 2427 2266 2509 asperitatis

108 2553 447 2641 approbatio,
490 2564 598 2625 vel
643 2561 793 2625 illud
843 2562 1029 2625 docet
1075 2562 1268 2645 quod,
1314 2579 1460 2623 cum
1505 2561 1651 2624 alibi
1695 2577 1734 2621 a
1778 2560 1961 2622 nobis
2008 2559 2259 2622 demum

105 2676 364 2749 eiusmodi
405 2696 532 2753 ecio
578 2692 664 2754 ab
711 2711 834 2773 eo,
898 2693 994 2754 cui
1043 2691 1103 2753 in
1150 2692 1323 2753 libris
1362 2689 1827 2775 agglutinatum
1875 2700 1977 2752 est
2004 2733 2022 2769 ,
2066 2705 2265 2751 versu

100 2809 475 2888 divellendum
522 2829 612 2888 sit
658 2834 722 2888 et
767 2843 913 2888 cum
960 2827 1266 2910 contiguo
1308 2825 1722 2906 sociandum,
1788 2825 1894 2888 illo
1938 2827 2080 2888 loco
2125 2828 2259 2887 ecio

103 2948 253 3024 priori
296 2961 503 3021 versui
551 2961 614 3020 iu
665 2963 806 3039 ipso
866 2962 928 3021 B
990 2958 1312 3021 adhaeret.
1419 2958 1576 3021 Item
1624 2980 1686 3021 v.
1729 2957 1856 3022 937
1901 2969 1970 3021 ut
2012 2956 2269 3020 defendi

104 3077 273 3162 aliqua
325 3091 571 3154 ratione
628 3090 870 3171 possit,
934 3088 1103 3171 quod
1146 3088 1262 3151 fuit
1309 3089 1418 3170 qui
1465 3102 1887 3172 proponeret,
1945 3088 2119 3171 quo'd
2158 3111 2274 3167 eqo

96 3219 258 3276 sciam
297 3176 483 3302 a'tque
528 3227 641 3285 hic
686 3223 953 3299 nesciat,
1003 3234 1211 3284 tamen
1255 3224 1460 3285 malae
1485 3232 1725 3285 tantum
1762 3222 2260 3303 interpretationi

92 3340 227 3410 haec
266 3352 398 3434 ipsa
435 3357 714 3419 mutatio
764 3355 1045 3418 debetur.
1093 3357 1261 3419 Nam
1292 3375 1432 3419 cum
1465 3356 1716 3438 integer
1747 3370 1983 3414 versus
2017 3353 2121 3413 hic
2149 3353 2269 3414 sit:

306 3503 449 3587 Qui,
498 3506 762 3591 egomet
809 3508 973 3570 unde
1017 3507 1300 3587 redeam,
1347 3508 1514 3571 hune
1542 3508 1840 3590 rogitem,
1886 3527 2097 3590 quae
2139 3506 2267 3589 ego

1357 3641 1559 3703 sciam
1603 3651 1796 3722 atque
1839 3642 1943 3705 hic
1982 3641 2263 3709 ne'sciat:

91 3772 251 3841 facile
289 3785 667 3871 intelligitur
727 3809 849 3853 non
906 3789 1055 3852 illud
1118 3811 1307 3854 unum
1367 3791 1771 3860 Charmidem
1833 3797 2151 3861 sciscitari
2215 3798 2276 3860 in

91 3924 181 3987 {uo
226 3914 359 3981 loco
405 3930 813 4003 postremum
861 3933 1292 3988 commoratus
1336 3928 1421 3988 sit
1458 3928 1891 4010 sucophanta,
1936 3927 2053 3990 sed
2104 3945 2272 4008 quae

91 4040 205 4108 loca
246 4063 391 4116 ante
436 4056 715 4118 reditum
760 4075 941 4119 suum
1000 4062 1478 4143 peragraverit:
1539 4082 1746 4144 eoque
1798 4059 2059 4142 pluralis
2116 4080 2282 4141 quae

91 4189 324 4254 spectat.

221 4316 492 4381 Praeter
554 4323 583 4378 n·
636 4319 904 4384 litteram
962 4321 1317 4401 synizesim
1362 4340 1397 4382 e
1444 4329 1509 4384 et
1553 4343 1598 4383 u
1642 4325 1908 4388 vocales
1968 4330 2267 4391 ascivere
