2824 4890
1954 354 2374 425 ccxxxix

129 531 379 595 aetatis
417 531 646 611 abiret,
692 547 858 613 quae
897 530 1224 594 excultam
1270 540 1337 595 et
1380 531 1463 595 ad
1502 533 1716 614 legum
1767 539 2196 604 constantiam
2241 562 2354 606 re-

129 673 450 729 vocatam
492 664 890 747 syllabarum
935 665 1355 745 quantitatem
1412 667 1618 730 solam
1676 680 1906 735 secuta
1964 682 2083 736 est.
2174 675 2359 753 Quae

133 802 410 867 mutatio
456 821 572 882 per
603 819 773 882 quos
815 800 1058 884 gradus
1100 820 1447 883 progressa
1489 803 1602 883 sit,
1647 805 1850 867 altera
1887 825 1971 868 ex
2000 817 2183 888 parte
2212 806 2358 871 linis

133 958 498 1019 versuum,
563 938 763 999 altera
808 955 892 997 ex
933 943 1157 1015 parte,
1200 934 1321 999 sed
1368 935 1626 997 diversa
1672 937 1954 1018 ratione,
2013 939 2359 1007 eorundem

133 1074 382 1136 initium
429 1071 749 1135 ostendit:
816 1071 1315 1134 luculentissimo
1362 1080 1578 1135 autem
1640 1070 2022 1137 documento
2080 1076 2358 1156 ipsorum

132 1207 387 1269 initium
432 1207 934 1288 septenariorum
980 1216 1099 1269 est.
1184 1206 1384 1271 Velut
1427 1208 1600 1289 quod
1643 1209 1829 1273 modo
1882 1211 2167 1275 dicebam
2195 1258 2215 1294 ,
2269 1233 2354 1276 ne

136 1339 436 1400 voluisse
503 1336 758 1421 quidem
822 1346 1088 1402 veteres
1153 1341 1294 1403 illos
1356 1343 1714 1424 spondiaca
1775 1347 1878 1408 vel
1943 1347 2354 1427 anapaestica

139 1470 473 1533 vocabula
516 1472 807 1551 proximo
852 1481 1002 1553 post
1042 1474 1342 1537 creticum
1388 1476 1532 1538 loco
1577 1477 1807 1558 vitare,
1854 1477 2030 1540 velut
2059 1477 2352 1541 'ra-‚8552

303 1614 651 1698 Quomodo
697 1617 973 1701 quidque
1013 1622 1306 1699 aqere'm:
1343 1642 1510 1686 nunc
1550 1623 1713 1686 adeo
1819 1666 2244 1688 .....
2338 1678 2360 1717 ,

137 1765 198 1829 id
243 1766 534 1848 plurimis
578 1769 887 1850 exemplis
932 1770 1315 1853 perspicitur
1361 1770 1722 1834 huiusmodi
1761 1770 2347 1847 (Trin.843.848):

305 1912 485 1980 Huic
527 1937 653 2002 ego
698 1915 803 1979 die
839 1914 850 1998 Ι
889 1918 1118 1981 nome'n
1164 1922 1534 1985 Trinummo
1621 1963 2050 1985 .....

307 2044 483 2126 QuIa
520 2065 648 2129 ego
689 2068 854 2111 nuuc
889 2048 902 2129 Ι
940 2047 1205 2128 aubiqo'r
1247 2051 1431 2112 trium
1480 2068 1798 2112 nummum

141 2197 455 2277 Quantilli
482 2199 644 2263 enim
673 2200 878 2263 fuerat
896 2219 1023 2263 non
1045 2201 1347 2285 neglecto
1372 2211 1645 2266 accentu
1670 2200 1831 2268 haec
1853 2204 1952 2264 sic
1976 2200 2314 2282 disponere
2334 2219 2351 2265 z

303 2346 482 2413 Huic
524 2367 650 2432 ego
693 2346 926 2411 no'men
968 2343 1076 2413 die
1121 2350 1487 2413 Trinummo
1571 2393 2206 2415 .......

309 2481 494 2562 Quia
540 2502 668 2567 ego.
708 2484 970 2563 edbiyor
1011 2480 1178 2548 minc
1217 2486 1396 2548 trium
1442 2504 1760 2548 nummum
1885 2531 1899 2546 .
1987 2525 2004 2541 .
2088 2527 2104 2544 .
2155 2521 2208 2567 ν.
2252 2473 2290 2538 ‘3

142 2633 416 2697 Talibus
477 2632 668 2715 igitur
728 2632 1083 2697 cavendum
1145 2643 1252 2694 est
1306 2650 1388 2694 ue
1445 2628 1527 2694 ad
1584 2628 1973 2692 severiorem
2036 2631 2346 2688 accentus

140 2764 705 2844 observationem,
767 2781 956 2846 quam
1010 2782 1180 2847 quae
1241 2760 1400 2843 ipsis
1456 2759 1663 2842 poetis
1718 2759 1998 2843 placuit,
2074 2772 2352 2835 uuquam

144 2894 399 2957 exactis
468 2891 550 2955 de
614 2893 1110 2974 transpositione
1175 2890 1450 2956 calidius
1513 2907 1699 2970 quam
1764 2887 2025 2971 peritius
2088 2887 2349 2967 cogites.

146 3026 484 3106 Ceterum,
527 3044 608 3088 ne
636 3027 763 3090 hoc
787 3027 1314 3107 praetermittam,
1359 3044 1400 3088 a
1426 3024 1820 3088 senariorum
1852 3022 2027 3087 initio
2058 3023 2141 3086 ad
2177 3041 2344 3101 eum,

144 3167 252 3245 qui
298 3163 389 3225 illi
432 3160 801 3243 respondet,
847 3161 1356 3242 septenariorum
1401 3160 1608 3221 locum
1669 3175 1791 3218 non
1836 3155 2024 3217 modo
2069 3154 2357 3227 trochai-

144 3312 364 3356 carum
405 3311 643 3356 vocum
689 3291 1067 3374 oxytonesis
1115 3291 1344 3353 tralata
1409 3299 1555 3369 est,
1615 3287 1696 3350 de
1755 3306 1883 3368 qua
1946 3303 2142 3365 supra
2195 3286 2357 3346 satis

147 3426 669 3509 disputavimus,
731 3423 851 3488 sed
905 3425 1067 3487 raris
1127 3422 1441 3501 exemplis
1484 3422 1674 3483 etiam
1721 3419 2186 3501 dactylicarum
2233 3439 2358 3500 pa-

143 3556 586 3641 roxytonesis.
672 3554 796 3619 Cui
838 3554 1366 3638 quemadmodum
1420 3552 1599 3616 elisio
1656 3572 1782 3615 non
1842 3551 2082 3615 obstitit
2142 3550 2203 3612 in
2248 3551 2355 3614 illo

146 3692 451 3773 exemplo

308 3838 734 3903 Bacchidem.
780 3839 1095 3901 Vtramne
1140 3833 1297 3917 ergo
1382 3875 2123 3899 ........
2207 3873 2230 3907 ,

141 3993 229 4055 ita
274 3991 435 4054 nihil
491 3989 782 4071 impediit
824 3988 1158 4070 quominus
1191 4007 1252 4068 p.
1303 4002 1579 4050 cxbvnr.
1630 3981 2048 4061 Captivorum
2096 3992 2357 4038 versum

147 4125 226 4187 ab
275 4124 391 4186 his
425 4123 645 4185 verbis
683 4121 1068 4187 ordiremur:

316 4251 466 4316 Τόιι
507 4271 719 4337 negas
769 4252 1210 4334 l-wnda'rum
1255 4268 1431 4318 esse.
1474 4249 1673 4333 Nego
1717 4269 1845 4334 ego
1930 4293 1946 4310 .
2033 4293 2049 4310 .
2138 4292 2153 4308 .
