2824 4890
516 323 708 388 xcn

521 503 934 569 dubitandum
982 502 1128 586 quin
1174 521 1252 566 ea
1306 508 1562 585 aetate,
1617 518 1747 585 qua
1808 499 2069 565 criticae
2124 497 2492 563 recensionis
2527 495 2578 559 h.
2610 515 2651 558 e.
2745 572 2746 599 ἢ

523 641 846 725 legitimae
889 630 1216 715 ἐκδόσεως
1254 650 1434 704 certo
1478 641 1743 704 consilio
1798 648 2145 722 susceptae
2187 645 2251 700 et
2291 636 2367 700 ad
2407 634 2542 697 artis
2575 650 2654 693 ra-
2745 630 2746 635 ’

517 775 725 838 tiones
791 783 1056 857 paratae
1121 773 1432 837 beneflcio
1495 783 1894 855 posterorum
1959 772 2305 837 commodis
2363 768 2655 833 consultum

519 919 625 972 est
673 912 891 990 (quam
941 925 1061 989 ego
1105 915 1380 970 aetatem
1427 926 1550 969 non
1594 905 1835 969 minore
1887 924 2075 987 quam
2125 904 2381 967 duorum
2419 901 2659 965 saeculo-

516 1058 657 1103 rum
703 1040 1042 1103 intervallo
1084 1040 1166 1102 ab
1209 1040 1410 1123 ipsius
1460 1051 1664 1104 morte
1707 1050 1938 1125 poetae
1981 1040 2323 1103 discretam
2365 1033 2658 1121 suspicor),

517 1173 713 1237 etiam
756 1168 1231 1236 scribendorum
1276 1171 1732 1234 vocabulorum
1777 1172 2118 1255 antiquitas
2150 1174 2369 1256 partim
2397 1176 2510 1234 iam
2534 1187 2659 1231 eva·

517 1306 670 1372 uida
718 1287 915 1371 suerit
957 1306 1017 1369 in
1043 1307 1360 1369 Plautinis
1405 1307 1908 1389 exemplaribus,
1953 1307 2179 1387 partim
2228 1305 2307 1370 ad
2351 1302 2662 1368 recentioris

521 1440 1003 1504 consuetudinis
1046 1458 1327 1503 normam
1373 1438 1587 1505 dedita
1625 1459 1818 1523 opera
1861 1445 1947 1503 sit
1988 1440 2259 1506 deflexa.
2344 1440 2662 1519 Quanquam

523 1575 631 1638 vel
676 1578 781 1638 sic
823 1575 1136 1658 quaedam
1201 1592 1361 1637 sane
1422 1575 1623 1655 ipsius
1666 1560 2015 1637 vetustatis
2058 1575 2341 1660 vestigia
2381 1575 2513 1637 sive
2548 1589 2666 1634 casu

521 1711 790 1792 relinqui
836 1711 981 1773 sive
1023 1710 1273 1773 servari
1317 1709 1588 1771 consilio
1630 1717 2008 1792 potuerunt:
2063 1726 2189 1789 quo
2247 1709 2514 1771 fortasse
2545 1721 2665 1799 exo-

527 1843 732 1905 lutum
776 1839 921 1903 illud
981 1841 1256 1922 pertinet
1307 1860 1424 1921 pro
1481 1800 1818 1902 exulatum
1874 1842 1978 1913 (ut
2031 1841 2258 1901 consol
2309 1839 2545 1920 antique
2590 1848 2668 1915 pro

526 1975 791 2055 consul)
852 1975 913 2036 in
959 1975 1384 2037 Ambrosiano
1444 1984 1757 2055 repertum
1815 1974 1984 2036 Trin.
2029 1994 2091 2035 v.
2132 1971 2299 2055 535,
2354 1967 2667 2058 praesertim

530 2124 681 2171 cum
726 2109 916 2172 etiam
963 2108 1345 2170 Mercatoris
1388 2127 1490 2191 ιιι,
1515 2109 1645 2190 4,6
1686 2110 2051 2172 exsolutum
2093 2110 2153 2173 in
2195 2114 2260 2174 B
2304 2112 2402 2174 sit.
2480 2108 2670 2170 Verum

532 2236 724 2301 etiam
785 2236 1124 2300 Tiberiana
1186 2237 1646 2300 Neronianave
1702 2247 1918 2301 aetate
1974 2238 2240 2320 probata
2297 2233 2672 2324 grammaticis

526 2367 840 2435 scribendi
885 2370 1043 2432 ratio
1087 2388 1274 2432 nemo
1315 2370 1523 2433 nescit
1562 2390 1747 2455 quam
1791 2373 1877 2435 sit
1916 2373 2200 2457 difficile,
2245 2375 2451 2458 qualis
2473 2367 2671 2432 tandem

526 2501 753 2586 fuerit,
818 2509 995 2565 certo
1048 2499 1343 2580 definire,
1404 2520 1551 2565 cum
1596 2503 1698 2565 illa
1742 2521 1825 2564 ne
1865 2504 1927 2565 in
1968 2503 2438 2586 anitiquissimos
2475 2497 2673 2584 quidem

528 2636 792 2701 codices
838 2644 1094 2698 nostros
1115 2636 1223 2697 ·ita
1267 2644 1620 2718 propagata
1661 2636 1786 2716 sit,
1841 2636 1904 2697 hi
1953 2645 2021 2698 ut
2062 2656 2184 2698 non
2231 2658 2270 2700 e
2314 2636 2673 2721 posteriorum

532 2766 917 2850 contagione
940 2767 1341 2828 saeculorum
1386 2767 1642 2829 novicia
1680 2767 1882 2830 multa
1922 2770 2247 2832 traxerint.
2338 2773 2502 2834 Hinc
2539 2766 2676 2830 trium

533 2906 816 2961 aetatum
861 2897 1337 2975 successiones,
1378 2909 1736 2961 nostrorum
1762 2903 2013 2964 testium
2039 2910 2346 2969 memoria
2374 2906 2678 2978 mixtarum,

526 3039 834 3115 quantum
878 3030 1017 3093 fleri
1059 3030 1264 3112 possit
1312 3022 1671 3096 discerneri-
1714 3036 2022 3099 iubemur.
2108 3038 2344 3123 Velut,
2394 3051 2463 3105 ut
2503 3055 2678 3101 exem-

524 3168 646 3247 plis
701 3174 881 3244 utar,
937 3184 1080 3229 cum
1128 3165 1367 3249 primae
1409 3169 1642 3233 aetatis
1688 3173 1962 3236 fuissent
2003 3195 2347 3238 amor-eum
2391 3169 2686 3237 oiniuorsei

524 3308 866 3383 sequenter
907 3297 1179 3362 obiciant
1211 3302 1563 3379 ploirtemcs
1597 3305 1880 3383 poplicus·
1903 3306 2139 3367 cla-veis
2165 3306 2432 3388 formae,
2476 3301 2681 3367 mediae

532 3435 567 3496 s
563 3443 783 3496 uerunt
842 3439 1189 3499 aduersum
1199 3481 1228 3513 ,
1291 3442 1624 3500 une'uoreei
1671 3441 1779 3502 vel
1834 3446 2163 3519 uniuersi,
2226 3449 2565 3525 sequantur
2607 3428 2684 3493 vel

517 3575 828 3631 secuntur
868 3569 971 3631 vel
1017 3570 1207 3632 etiam
1268 3577 1615 3651 sequntur,
1685 3575 1978 3652 obiciunt,
2022 3575 2386 3652 plurumae,
2435 3571 2685 3655 puplicae

525 3703 632 3766 vel
687 3687 1020 3782 publicae,
1084 3707 1355 3768 clas-reis
1410 3707 1517 3768 vel
1575 3708 1809 3768 classis
1829 3751 1847 3780 ,
1918 3708 2143 3770 tertiae
2198 3717 2348 3771 sunt
2390 3710 2686 3770 aduersum

526 3839 826 3900 uniuersi
862 3845 1223 3919 sequuntur
1267 3841 1573 3903 obiiciunt
1607 3842 1931 3919 plurimus
1967 3846 2261 3921 publicae
2283 3846 2541 3906 classes·
2579 3838 2686 3900 Has

523 3981 736 4035 tamen
781 3981 1035 4035 aetates
1078 3974 1497 4055 propriasque
1546 3993 1762 4037 earum
1806 3976 2046 4039 formas
2085 3994 2198 4039 cur
2238 3997 2362 4039 non
2403 3978 2582 4039 liceat
2609 3975 2684 4030 snt

524 4105 718 4166 certis
746 4104 904 4169 inter
946 4123 1024 4168 se
1063 4105 1296 4170 fluibus
1328 4105 1784 4192 discriminare,
1831 4109 1944 4171 tria
1970 4109 2364 4192 potissimum
2399 4108 2458 4171 in
2490 4117 2688 4184 caussa

524 4244 704 4300 sunt:
768 4238 1031 4318 primum
1058 4284 1076 4318 ,
1121 4238 1292 4322 quod
1336 4249 1404 4303 et
1447 4239 1886 4322 pronuntiandi
1930 4251 1995 4305 ct
2037 4242 2355 4308 scribendi
2398 4241 2552 4306 ratio
2589 4251 2686 4300 non
