2824 4890
1985 325 2308 391 CCXXV

107 510 503 572 emmonim
549 506 802 587 quidem
848 508 1165 570 vocabula
1216 507 1320 569 vel
1363 513 1427 570 in
1472 510 1853 572 tribrachum
1898 498 2200 574 exeuntia
2229 512 2315 574 ita

104 657 489 716 recusasse,
565 648 638 703 ut
688 658 1003 721 uunquam
1076 640 1242 702 hunc
1298 647 1634 703 accentum
1685 619 1874 689 νόν
1935 644 2311 723 receperint,

105 776 214 837 aed
258 784 386 837 aut
442 774 800 855 legitimum
852 753 1039 828 (ax-au
1088 780 1237 852 aut,
1306 780 1378 833 ut
1421 792 1574 836 mox
1626 772 2055 857 intelligetur,
2123 775 2318 836 certis

105 906 591 970 condicionibus
647 903 1108 986 inusitatiorem
1158 903 1329 965 hunc
1375 887 1590 968 »αν-ἀ

267 1038 518 1102 Affinis
576 1039 744 1098 enim
800 1035 1260 1115 dactylicarum
1320 1036 1468 1098 huic
1527 1035 1847 1112 notationi,
1874 1070 1957 1085 —-
1982 1014 2115 1084 ὧν
2160 1035 2323 1098 haec

109 1181 201 1233 ost
243 1172 729 1233 trochaicorum
773 1200 859 1214 —-
891 1146 948 1227 ᾧ
997 1169 1101 1229 vel
1148 1171 1308 1248 (quo
1350 1170 1564 1250 paullo
1619 1170 1833 1251 magis
1876 1177 2179 1233 accentus
2222 1167 2322 1229 in·-

108 1305 384 1367 solentia
414 1300 766 1373 delitescit)
795 1301 1004 1363 soluta
1037 1300 1424 1379 paenultima
1454 1280 1680 1360 aas:
1723 1319 1910 1381 quam
1935 1319 2055 1364 sua
2091 1307 2324 1380 sponte

109 1432 489 1524 intelligitur
534 1450 656 1492 non
702 1447 899 1510 posse
937 1448 1061 1489 non
1099 1430 1412 1510 syllabam
1461 1430 1725 1491 brevem
1769 1432 1974 1511 sequi.
2018 1431 2155 1498 Sed
2196 1431 2323 1492 hoo

112 1585 233 1627 non
281 1562 454 1626 satis
500 1572 630 1626 est:
702 1569 875 1624 certa
918 1561 1085 1622 enim
1128 1562 1619 1642 plerumque
1662 1562 1951 1625 condicio
1998 1563 2160 1627 haec
2201 1579 2326 1624 ac-

114 1696 307 1772 cedit,
356 1681 428 1756 ut
470 1695 592 1754 bin
616 1712 712 1755 ae
755 1694 990 1755 breves
1028 1701 1398 1773 sequantur,
1447 1696 1647 1756 velut
1676 1695 1817 1756 aliis
1845 1696 2062 1756 verbis
2092 1694 2325 1777 dicam,

117 1839 186 1892 ut
218 1831 505 1891 vaccentu
550 1835 768 1888 notata
823 1825 1073 1906 syllaba
1131 1790 1279 1887 cum
1340 1828 1645 1908 proximis
1700 1848 1823 1891 nou
1881 1840 2325 1910 anapaestum,

118 1961 231 2022 sed
283 1957 665 2023 tribrachum
726 1955 989 2019 efficiat.
1075 1956 1175 2018 Ea
1262 1958 1454 2038 igitur
1523 1962 1950 2036 pronuntiatio
2013 1963 2324 2042 propriam

120 2093 242 2153 sibi
287 2090 512 2154 sedem
560 2090 756 2153 habet
799 2089 859 2150 in
910 2093 1573 2174 septen-ariorum
1634 2092 1919 2155 secundo
1977 2094 2080 2156 vel
2141 2100 2328 2162 tertio
2442 2137 2445 2140 -

119 2223 316 2303 pede,
365 2231 439 2284 ut
478 2220 647 2286 Trin.
689 2219 832 2282 714.
862 2219 1004 2284 715.
1025 2218 1169 2283 873.
1213 2221 1325 2284 Mil
1371 2223 1453 2301 11,
1498 2222 1560 2302 2,
1586 2219 1689 2283 38.
1737 2223 1974 2285 Bacch.
2019 2223 2122 2286 72.
2156 2226 2327 2288 Τι’ὶυ.

121 2353 272 2415 624.
313 2352 461 2422 629.
506 2352 667 2414 889:

303 2474 466 2547 Sine
509 2476 670 2549 dote,
719 2494 922 2558 neque
967 2473 1228 2539 tuln'nc
1271 2477 1574 2539 abiturn's
1684 2521 2203 2545 ......

299 2600 416 2664 Sin
467 2601 655 2665 aliter
701 2599 1015 2664 animatus
1063 2619 1157 2683 es,
1200 2576 1362 2662 bone
1466 2646 2203 2666 ........

297 2728 443 2802 'Vbi
489 2738 734 2801 habite?
774 2746 839 2800 et
881 2737 1031 2799 item
1077 2734 1342 2798 alterum
1371 2737 1467 2801 ,ad
1516 2740 1724 2823 istanc
1782 2781 2207 2798 .....

304 2870 475 2935 Nam
521 2865 754 2933 mulie‘r
794 2868 1043 2935 holitori
1088 2889 1429 2951 numquam
1454 2913 2207 2937 ........

305 3002 502 3067 Meus
547 3004 665 3065 ille?
706 3004 1064 3084 quidemst:
1114 2999 1220 3064 tibi
1270 3019 1440 3063 nunc
1491 3022 1742 3083 operam

308 3135 478 3201 Sunt
520 3145 820 3219 uterque:
859 3135 975 3197 ille'
1015 3134 1416 3214 reprehendit
1480 3178 2215 3199 ........

311 3263 695 3349 Lesbonico,
733 3262 886 3324 esse
927 3259 1217 3322 uideatur
1277 3302 2221 3323 ..........

308 3392 477 3474 Quid
523 3393 589 3456 id
634 3403 738 3456 est
774 3392 882 3453 tibi
926 3391 1175 3463 nomen,
1227 3391 1610 3453 adulescens
1687 3434 2214 3453 ......

136 3534 288 3594 Noc
309 3529 512 3593 levior
545 3536 815 3607 tantum,
852 3534 922 3588 ut
939 3526 1165 3589 horum
1200 3523 1636 3604 exemplorum
1675 3522 1898 3603 primo,
1930 3522 2046 3584 scd
2091 3541 2172 3584 ne
2210 3522 2347 3583 for-

135 3668 396 3730 tissima
424 3661 675 3744 quidem
709 3664 1136 3742 interpunctio
1173 3663 1281 3721 tali
1313 3659 1794 3749 pronuntiationi
1833 3630 2074 3720 obstitit
2098 3676 2157 3720 v.
2182 3656 2341 3721 6052

307 3795 471 3861 Sine
513 3797 677 3859 dote.
721 3795 862 3859 CA.
911 3797 1051 3857 sine
1094 3792 1245 3856 dote
1290 3796 1392 3855 ille
1436 3794 1604 3854 illam
1695 3836 2122 3857 .....
2211 3811 2226 3849 :

137 3930 268 3993 nisi
330 3948 471 3993 eam
538 3930 742 4009 ipsam
810 3928 891 3993 ob
953 3892 1254 3990 caussam
1310 3928 1393 3989 ibi
1448 3928 1592 3986 leem
1645 3921 2047 4013 inserendum
2066 3916 2162 3989 Ὅ.
2207 3915 2341 3977 Sed

143 4066 372 4129 similis
416 4065 836 4144 pronuntiatio
884 4082 944 4126 v.
991 4060 1143 4126 329:

179 4261 249 4327 ¹¹²)
288 4264 428 4311 Nam
466 4274 537 4309 ne
572 4262 691 4323 quis
727 4257 864 4310 άυιρ
902 4262 953 4309 ln
993 4272 1164 4323 pausa
1198 4253 1460 4307 orationis
1499 4266 1596 4313 pro
1643 4251 1882 4311 spondeo
1929 4259 2056 4297 csse
2105 4246 2357 4309 opinetur

299 4359 440 4399 Plauti
469 4359 587 4399 Com.
620 4359 652 4398 Ι.
685 4359 723 4400 Ι.
753 4358 868 4398 Tria.
1900 4353 1940 4395 Ρ
