2824 4890
483 323 893 391 CCCXVIII

480 510 634 573 vide
680 491 826 572 inihi
872 527 1061 592 qnam
1108 510 1332 573 similis
1377 510 1513 572 eius
1555 528 1749 591 opera
1793 510 2098 593 extiterit,
2143 513 2248 595 qui
2292 516 2696 596 singularum

333 621 336 624 Ἴ
419 631 434 640 ”
482 646 762 709 Terentii
813 646 1158 709 fabularum
1201 654 1583 728 argumenta
1627 645 1938 709 duodenis
1972 650 2246 710 senariis
2290 669 2414 712 non
2458 653 2698 715 inscite

476 778 668 843 factis
715 778 1225 860 comprehendit:
1271 798 1463 861 quam
1506 781 1664 861 eius,
1706 781 1893 842 cuius
1938 782 1996 843 in
2034 783 2343 846 Aeneidis
2386 786 2690 867 singulos

480 910 670 973 libros
731 917 1109 993 argumenta
1168 911 1345 973 senis
1403 910 1788 975 hexametris
1830 917 2135 978 conclusa
2178 917 2237 979 in
2286 918 2693 1002 Anthologia

479 1046 671 1108 latina
712 1045 1025 1107 habentur
1066 1063 1135 1126 11,
1187 1045 1306 1107 194
1349 1046 1589 1126 Burm.,
1636 1049 1912 1130 Meyero
1947 1048 2169 1112 mm
2258 1053 2479 1133 Atque
2517 1053 2692 1116 haec

478 1181 725 1263 quidem
790 1181 1111 1262 poematia
1173 1190 1436 1263 utraque
1492 1200 1612 1243 non
1669 1182 1901 1245 aetatis
1952 1191 2192 1247 tantum
2252 1196 2402 1248 sunt
2464 1188 2689 1269 nnius,

477 1311 592 1373 sed
639 1310 926 1376 eiusdem
971 1310 1134 1373 adeo
1198 1310 1504 1390 hominis,
1570 1312 1832 1393 Sulpicii
1879 1315 2270 1395 Apollinaris
2315 1315 2685 1402 Carthagi-

473 1447 733 1512 niensis,
821 1446 934 1527 Vt,
977 1449 1087 1529 qui
1125 1443 1207 1508 ad
1249 1444 1414 1510 hunc
1450 1445 1657 1527 ipsum
1687 1448 1981 1526 Plautina
2010 1466 2266 1528 quoque
2294 1460 2678 1531 argumenta

421 1555 436 1566 ’
472 1579 711 1640 reserat
753 1577 1217 1658 quindenorum
1255 1596 1561 1641 versuum
1591 1598 1847 1642 numero
1879 1589 2237 1662 exaequata
2252 1579 2353 1662 ⁴⁸⁵),
2399 1582 2461 1643 in
2501 1594 2676 1646 tanta

473 1708 684 1773 Plauti
729 1710 1136 1792 'ferentiiqne
1166 1709 1631 1792 propinquitate
1676 1729 1799 1773 non
1843 1711 2205 1773 mehercule
2247 1714 2466 1795 inepta
2510 1732 2672 1776 con-

473 1843 718 1906 iectura
749 1836 994 1904 ⁸utatur.
1094 1842 1315 1904 Paullo
1371 1859 1563 1922 quam
1624 1840 1845 1902 horum
1891 1844 2281 1923 asperiorem
2325 1852 2526 1905 artem
2572 1845 2671 1905 fa-

474 1983 613 2035 teor
650 1972 1155 2036 acrostichorum
1201 1989 1380 2034 essee
1440 1971 1608 2053 quod
1668 1939 1879 2034 tamen
1936 1991 2057 2033 non
2116 1982 2219 2034 est
2262 1991 2376 2034 cur
2418 1993 2458 2035 e
2500 1981 2668 2036 tem·

471 2125 692 2189 porum
743 2106 1041 2169 distantia
1080 2115 1357 2188 repetas,
1405 2123 1551 2168 cum
1589 2117 1695 2169 sat
1726 2107 2006 2188 locuples
2033 2107 2405 2187 asperitatis
2435 2124 2664 2170 caussa

469 2240 532 2300 in
574 2247 866 2320 promptu
910 2236 1072 2300 haec
1112 2239 1221 2319 sit,
1265 2237 1435 2319 quod
1482 2238 1804 2319 negotium
1848 2238 2150 2300 mediocri
2196 2248 2430 2321 poetae
2477 2240 2661 2302 exhi·

474 2369 654 2433 beret
718 2388 1017 2432 versuum
1078 2387 1118 2431 a
1180 2369 1374 2431 certis
1440 2368 1663 2430 litteris
1737 2368 2227 2449 incipiendorum
2292 2373 2660 2432 necessitas.

469 2506 677 2586 Quem
726 2516 937 2572 antem
981 2506 1170 2587 prisci
1212 2506 1525 2567 sermonis
1573 2506 1852 2566 colorem
1901 2502 2063 2566 haec
2105 2503 2470 2566 acrosticha
2515 2521 2656 2584 pro·

468 2636 645 2717 dunt,
692 2656 834 2698 eum
884 2656 1006 2699 non
1048 2647 1280 2717 suapte
1324 2644 1557 2716 sponte
1590 2644 1806 2696 natum
1851 2651 2026 2713 esse,
2070 2631 2189 2694 sed
2224 2632 2447 2695 dedita
2475 2651 2657 2714 open

473 2765 775 2829 effectum
843 2764 1180 2848 imitando,
1247 2765 1620 2826 certissimis
1696 2772 1848 2844 puto
1908 2764 2305 2845 argumentis
2382 2763 2655 2844 intelligi.

469 2900 657 2962 Mitto
713 2917 880 2961 nunc
919 2908 1140 2962 cetera
1199 2909 1264 2962 et
1316 2900 1378 2961 in
1425 2898 1672 2962 duobus
1711 2899 2033 2980 subsisto,
2081 2917 2347 2980 quorum
2397 2899 2649 2961 alterurn

467 3034 738 3114 septimo
795 3033 1054 3096 saeculo
1100 3050 1254 3095 esse
1310 3033 1672 3115 antiquius,
1734 3032 1995 3094 alterum
2058 3030 2285 3092 eodem
2341 3032 2648 3093 recentius

468 3164 800 3228 contendo.
910 3163 1256 3226 Recentior
1313 3172 1415 3225 est
1468 3163 1735 3225 nominis
1791 3161 1990 3223 forma
2037 3162 2432 3236 Pseudolus,
2496 3179 2650 3243 quae

465 3325 545 3367 ne
587 3301 813 3365 ratIoni
855 3298 1111 3382 quidem
1158 3296 1282 3360 ullo
1327 3295 1516 3356 modo
1555 3303 1658 3357 est
1701 3292 2123 3355 conveniens:
2177 3312 2291 3374 pro
2346 3311 2477 3374 qua
2534 3311 2645 3353 an·

463 3442 684 3520 tiquus
731 3445 921 3517 poeta
966 3452 1090 3497 non
1130 3438 1380 3525 poterat
1424 3450 1545 3492 non
1588 3428 1958 3491 pseudulus
2018 3445 2295 3510 ponere,
2364 3426 2533 3509 quod
2587 3436 2642 3489 et

465 3570 657 3631 Nonii
701 3569 836 3629 libri
881 3538 1242 3630 constanter
1286 3571 1628 3644 testantur,
1677 3563 1867 3624 etiam
1901 3561 1961 3624 iu
1992 3562 2306 3623 Varronis
2332 3560 2640 3622 Pseudulo

461 3686 778 3778 Apolline,
826 3706 892 3760 et
934 3698 1209 3761 Servius
1252 3696 1549 3758 servavit
1589 3703 1655 3757 et
1693 3695 1820 3757 alia
1863 3693 2262 3756 confirmant.
2367 3668 2635 3754 Contra·

359 3892 368 3897 „
461 3834 617 3897 riam
655 3831 804 3927 ⁸vim
859 3830 1052 3892 habet
1106 3830 1168 3889 in
1214 3827 1693 3909 Amphitruonis
1738 3832 2116 3905 argumento
2157 3822 2486 3885 admissus
2526 3823 2640 3885 At-

487 4063 551 4121 4)
586 4061 740 4128 Quae
776 4058 1118 4110 concInnltas
1151 4070 1272 4109 cum
1307 4058 1467 4122 plane
1502 4058 1735 4109 dubitari
1770 4062 2017 4122 nequeat,
2039 4057 2163 4121 quin
2197 4063 2462 4106 constans
2497 4053 2638 4105 fuerit

592 4163 643 4211 in
680 4162 945 4226 omnibus,
983 4163 1143 4214 facile
1179 4162 1505 4227 lnteulgitur
1539 4165 1594 4214 in
1640 4167 2045 4227 Amphitruonis
2091 4170 2414 4228 argumento
2426 4195 2450 4226 ,
2500 4162 2632 4211 cuius

591 4264 745 4313 hodie
780 4267 962 4315 decem
997 4268 1204 4317 tantum
1239 4267 1514 4331 teruntur,
1548 4269 1777 4331 quinque
1814 4281 2005 4318 versus
2040 4266 2396 4317 intercidisse.
