2824 4890
432 360 693 431 XXXII

447 566 762 636 librarium
825 561 969 626 sive
1028 559 1309 640 aliquem
1355 556 1660 619 lectorem
1721 543 2058 631 aliquando
2123 542 2419 624 coepisse
2462 555 2662 603 veros

447 967 557 1050 qui
598 943 801 1044 fecit,
845 976 970 1024 non
1013 957 1094 1021 ab
1139 972 1243 1034 eo,
1286 950 1457 1015 uude
1505 949 1565 1013 C
1600 943 1998 1024 descriptus,
2057 935 2287 1002 codice
2327 931 2660 1016 profectus

454 1107 582 1181 est,
626 1094 747 1159 sed
789 1093 1004 1176 aliquo
1048 1088 1405 1170 antiquiore
1446 1094 1646 1145 usust
1688 1075 1751 1140 id
1793 1072 1965 1158 quod
2007 1091 2135 1135 non
2178 1085 2376 1152 posse
2417 1064 2667 1129 nonita

459 1251 614 1297 esse
656 1229 820 1292 infra
860 1222 1202 1307 apparebit.

574 1365 672 1432 1)
715 1363 1167 1428 Vaticanus
1208 1356 1399 1439 3870,
1447 1356 1778 1438 eleganter
1803 1350 1977 1451 picto
2008 1347 2240 1431 insigni
2269 1344 2484 1428 gentis
2509 1343 2669 1406 Me-

304 1548 311 1555 .
450 1498 675 1563 diceae
718 1503 1005 1576 ornatus,
1048 1489 1216 1575 quod
1260 1508 1383 1551 non
1429 1468 1647 1551 dubito
1688 1485 1838 1569 quin
1882 1481 1964 1546 ad
2008 1481 2249 1544 Leonis
2292 1498 2356 1543 x.
2401 1476 2668 1558 pontifl-

451 1641 668 1697 catum
711 1635 986 1714 spectet.
1070 1626 1263 1688 Hunc
1304 1621 1686 1704 simulatque
1733 1621 1800 1680 in
1841 1616 2161 1681 Vaticana
2207 1615 2496 1697 repperi,
2559 1612 2666 1675 in-

458 1770 677 1832 tellexi
717 1768 885 1829 illum
930 1764 1215 1827 codicem
1259 1778 1434 1841 esse,
1483 1779 1668 1842 quem
1713 1758 1795 1822 de
1837 1758 1980 1821 crisi
2024 1758 2226 1819 Plaut.
2268 1773 2330 1837 p.
2368 1754 2489 1817 156
2522 1771 2666 1836 sqq.

458 1921 502 1966 e
555 1899 908 1982 Poggianis
966 1895 1264 1978 epistulis
1328 1891 1692 1956 docuissem
1751 1910 1792 1955 a
1848 1892 2166 1954 NicoLAo
2232 1889 2675 1950 Tusvsnssst

463 2035 525 2096 in
569 2030 917 2097 Germania
976 2028 1437 2111 investigatum
1481 2043 1541 2088 a.
1585 2039 2127 2090 cmccccxxvnu.
2182 2019 2456 2082 Romam
2516 2036 2676 2100 per-

466 2165 760 2243 venisse,
802 2161 1053 2226 Iordani
1096 2158 1379 2224 Vrsini
1424 2157 1770 2221 cardinalis
1813 2154 2109 2218 manibus
2133 2152 2447 2216 traditum.
2491 2152 2678 2216 Con-

458 2279 619 2341 tinet
660 2278 722 2337 is
776 2274 840 2336 in
882 2288 1153 2336 cccvm.
1211 2267 1599 2331 membranis
1658 2273 1913 2344 praeter
1966 2262 2355 2343 posteriores
2417 2259 2675 2323 fabulas

462 2427 580 2473 xn.
626 2408 727 2472 his
770 2404 1164 2490 praemissas
1206 2398 1773 2483 Amphitruonem,
1819 2398 2220 2476 Asinariam,
2278 2392 2674 2458 Aululariam

460 2551 528 2606 et
570 2537 890 2603 dimidiam
932 2545 1177 2618 partem
1232 2533 1658 2616 Captivorum
1701 2550 1905 2613 usque
1945 2528 2028 2592 ad
2068 2548 2139 2608 n,
2181 2526 2247 2608 3,
2292 2529 2366 2593 42
2419 2544 2679 2591 vacuas

466 2676 741 2761 paginas
781 2671 977 2735 habet
1029 2688 1222 2733 unam
1280 2676 1347 2731 et
1400 2665 1717 2731 dimidiam
1766 2664 1810 2726 f.
1853 2664 1938 2726 59
1988 2663 2049 2725 in
2109 2662 2237 2726 flue
2279 2659 2676 2744 Aululariae,

463 2816 587 2861 sex
644 2797 690 2860 f.
732 2796 837 2860 70.
878 2795 982 2859 71.
1024 2796 1109 2858 72
1166 2804 1313 2876 post
1370 2793 1687 2876 Captivos
1712 2837 1733 2874 ,
1799 2800 2043 2876 partem
2104 2797 2380 2876 paginae
2424 2793 2468 2856 f.
2506 2795 2599 2859 20
2638 2793 2679 2856 b

467 2944 620 3018 post
645 2929 1124 3013 Amphitruonis
1166 2947 1262 3011 iv,
1304 2931 1366 2993 2.
1450 2930 1612 2994 Eius
1653 2937 1831 2993 tanta
1871 2936 1974 2993 est
2021 2943 2165 2992 cum
2208 2928 2269 2992 Ο
2304 2924 2682 3007 similitudo,

476 3076 551 3131 ut
594 3086 717 3129 non
757 3063 968 3129 solum
1012 3072 1253 3141 aetate,
1296 3067 1978 3146 scripturae-genere,
2021 3060 2227 3124 forma
2268 3058 2685 3122 membrana-

474 3220 613 3265 rum
658 3215 923 3282 prorsus
967 3197 1228 3280 gemelli
1270 3195 1435 3279 sint,
1498 3195 1615 3258 sed
1675 3193 1867 3257 etiam
1925 3210 2232 3256 versuum
2277 3190 2688 3254 distinctione
2823 3245 2824 3258 ,

471 3333 582 3398 vel
625 3332 840 3415 potius
885 3349 1012 3394 non
1070 3329 1375 3395 distincta
1419 3328 1873 3409 continuitate,
1934 3335 2128 3410 atque
2182 3324 2345 3388 adeo
2390 3324 2685 3388 multitu-

471 3467 617 3532 dine
661 3484 966 3530 versuum
1024 3469 1090 3526 in
1141 3462 1412 3548 singulis
1465 3462 1833 3545 paginarum
1891 3458 2286 3541 scriptorum.
2370 3457 2684 3522 Eiusdem

470 3609 686 3664 autem
728 3596 1056 3661 Vrsiniani
1096 3594 1408 3659 beneflcio
1466 3593 1706 3676 patuit,
1772 3610 1937 3675 quae
1979 3593 2229 3673 utrique
2282 3589 2492 3652 codici
2536 3607 2682 3652 cum

472 3733 726 3797 Vetere
768 3729 1170 3814 cognationis
1212 3728 1371 3791 ratio
1421 3724 1863 3790 intercederet.
1951 3722 2077 3804 Qui
2118 3740 2264 3785 cum
2308 3741 2421 3804 per
2444 3722 2687 3803 primas

472 3863 845 3931 comoedias
884 3865 1080 3928 multo
1123 3880 1314 3947 quam
1358 3881 1476 3944 per
1513 3860 1910 3943 posteriores
1955 3861 2358 3928 constantius
2383 3878 2499 3925 ιιι.
2525 3880 2684 3924 ver*-

472 4018 662 4064 suum
707 3999 769 4062 iu
812 3997 1086 4082 singulis
1128 3995 1384 4079 paginis
1429 4014 1757 4088 numerum
1799 4003 2048 4078 servet,
2090 3994 2352 4060 totidem
2382 3997 2684 4075 apparuit

471 4133 883 4197 Vrsinianum
943 4132 1006 4194 in
1062 4130 1225 4194 binis
1280 4130 1540 4214 paginis
1595 4135 1863 4215 (quippe
1918 4147 2117 4195 senos
2165 4138 2232 4192 et
2284 4128 2558 4190 vicenos
2615 4126 2680 4190 in

475 4263 789 4349 siugulis)
834 4264 1227 4348 perscriptos
1285 4263 1630 4331 exhibere:
1688 4264 1782 4329 ita
1821 4255 2088 4347 quidem
2114 4271 2186 4328 ut
2243 4270 2376 4327 tres
2424 4259 2685 4326 fabulas
2823 4321 2824 4324 ,
