2824 4890
338 391 342 395 ’
448 372 692 440 CCXC

613 545 957 631 Numquid,
1006 542 1376 625 priusquam
1420 531 1605 605 abeo,
1652 521 1753 585 me
1793 491 2205 602 rogaturu's?
2264 509 2458 571 Vale.

614 688 687 752 Si
727 679 877 767 quid
919 678 1025 740 tibi
1073 675 1346 754 placeat,
1390 658 1559 745 quod
1604 657 1689 720 illi
1735 644 2116 734 congesttim
2158 646 2303 704 siet.

616 821 684 880 ln
729 810 1030 892 Ambiguo
1074 794 1483 866 etiamnunc
1525 799 1649 870 est,
1700 784 1850 867 quid
1896 799 1973 843 ea
2018 776 2088 839 re
2131 776 2281 837 suat.

619 941 1130 1011 mendacilocum
1176 931 1449 1011 aliquem
1538 944 2480 987 ..........

621 1074 801 1142 nhim
844 1074 1009 1135 bene
1052 1082 1281 1150 gerere
1324 1078 1458 1121 rem
1507 1053 1574 1116 et
1616 1051 1833 1113 ualere
1877 1053 1946 1106 et
1990 1037 2227 1101 uiuere.

452 1212 586 1278 Sed
629 1227 752 1272 nec
793 1226 834 1270 a
875 1204 1078 1267 tertio
1105 1216 1185 1262 ac
1246 1216 1325 1258 ne
1371 1211 1410 1254 a
1467 1188 1680 1273 quinto
1724 1182 1972 1266 quidem
2018 1173 2180 1259 pede
2224 1169 2489 1233 eosdem
2537 1185 2667 1228 nu-

458 1361 669 1408 meros
711 1340 953 1403 alienos
995 1334 1205 1396 fuisse
1250 1347 1315 1388 v.
1354 1325 1456 1387 86.
1507 1320 1642 1383 131.
1685 1316 1828 1380 79².
1874 1313 1999 1376 5⁵76
2041 1310 2307 1372 docent:

619 1476 838 1554 Atque
855 1464 941 1530 ‘id
985 1474 1196 1528 tamen
1244 1458 1391 1522 mibi
1436 1453 1651 1516 lubeat
1691 1443 2093 1528 suspicit-ier.

627 1599 900 1687 Argenti
942 1592 1181 1657 amanti
1220 1586 1457 1652 homini
1500 1580 1924 1656 adulescenti,
1969 1570 2157 1634 animi
2203 1565 2446 1647 impoti.

629 1736 791 1796 Eum
842 1745 1031 1811 quem
1073 1721 1318 1797 habuit,
1365 1713 1661 1798 perdidit,
1705 1709 1897 1773 alium
1942 1714 2090 1787 post
2130 1696 2290 1765 fecit
2326 1714 2586 1760 nouom.

629 1865 709 1927 Di
757 1858 1170 1926 fortunabunt
1210 1850 1430 1915 ndstra
1477 1844 1758 1910 consilia.
1845 1827 1961 1901 'lta
1999 1834 2163 1896 uolo.

693 1991 1192 2057 Diversissimus
1235 2006 1274 2049 a
1319 1981 1890 2066 proceleusmatico
1936 1973 2126 2037 iambi
2170 1969 2444 2045 vicario,
2490 1964 2673 2026 cuius

465 2132 571 2194 hic
610 2144 915 2191 numerus
963 2127 1243 2203 κανὼν,
1287 2122 1344 2182 is
1389 2127 1490 2181 est
1533 2110 2164 2199 proceleusmaticus,
2214 2105 2317 2187 qui
2364 2120 2513 2163 cum
2557 2119 2675 2162 ae-

470 2281 661 2347 quare
706 2259 1073 2322 trochaeum
1133 2254 1416 2319 creditus
1473 2254 1598 2334 sit,
1654 2247 2031 2313 contrariam
2078 2242 2466 2304 notationem
2511 2236 2674 2297 hanc

468 2396 748 2479 postulet
798 2397 1075 2448 ύυυυ.
1117 2470 1122 2475 ι
1165 2385 1374 2465 Quem
1427 2382 1532 2444 diu
1575 2389 1676 2441 est
1718 2396 1860 2440 cum
1905 2394 1946 2438 a
1980 2370 2496 2454 ‘septenariorum
2539 2373 2676 2425 arte

465 2542 730 2609 prorsus
768 2504 1111 2585 abhorrere
1151 2517 1560 2578 Hermaunus
1603 2509 1820 2572 docuit
1862 2504 2241 2568 rectissime.
2310 2499 2676 2561 Lenissima

469 2657 657 2718 unius
714 2653 983 2715 voculae
1052 2647 1547 2729 transpositione
1601 2627 1916 2725 legitima*
1947 2639 2107 2701 ratio
2171 2614 2473 2696 versilms
2536 2628 2678 2692 313.

469 2788 596 2848 968
638 2785 930 2845 restituta
973 2789 1097 2862 est,
1141 2798 1303 2861 quos
1343 2778 1495 2841 illud
1540 2778 1759 2838 vitium
1806 2774 1867 2835 in
1911 2772 2115 2834 altero
2158 2775 2222 2831 et
2261 2766 2486 2848 quinto
2527 2760 2682 2852 pede

475 2909 905 2971 deformabat:
2624 2892 2629 2895 ’

643 3030 876 3104 'Istaec
918 3057 1044 3121 ego
1105 3038 1250 3101 mihi
1317 3035 1574 3118 semper
1636 3035 1826 3098 habui
1889 3030 2091 3098 aetati
2165 3026 2679 3113 integumentum

1809 3186 2013 3230 meae.

644 3292 1092 3383 'Adulescens,
1136 3299 1298 3363 cedo
1344 3297 1487 3363 dum
1550 3297 1722 3389 istuc
1762 3317 1983 3362 aurum
2042 3293 2216 3359 mihi.
2304 3293 2499 3373 Quod
2559 3310 2683 3375 ego

1799 3449 2018 3493 aurum
2064 3426 2206 3491 dem
2250 3426 2385 3490 tibi.

484 3571 740 3631 Nullam
787 3569 914 3630 vim
960 3568 1155 3630 habet
1198 3565 1362 3648 quod
1409 3566 1537 3627 levi
1583 3565 1763 3644 lapsu
1809 3562 2037 3624 librarii
2079 3562 2258 3623 solus
2299 3557 2685 3621 Ambrosia-

475 3716 597 3760 nus
640 3697 896 3759 exhibet
937 3715 1000 3761 v,
1050 3696 1251 3758 1071:
1290 3693 1503 3758 Scitin’
1547 3692 1755 3756 oculis
1789 3714 1927 3774 eqo,
1980 3710 2093 3773 pro
2123 3664 2337 3754 Satin’
2366 3712 2484 3768 eqo
2512 3688 2683 3750 dcu-

474 3829 557 3890 lie
598 3828 661 3889 in
704 3843 829 3907 qua
873 3827 1185 3907 positione
1228 3826 1450 3907 reliqui
1492 3824 1752 3888 codices
1799 3827 2221 3887 consentiunt.
2337 3823 2465 3883 Sat
2509 3832 2687 3882 certa

478 3959 926 4023 emendatione
955 3959 1102 4020 mihi
1129 3957 1357 4019 videor
1388 3978 1457 4020 v.
1480 3957 1609 4020 264
1652 3956 2058 4019 emaculasse
2100 3953 2538 4015 abdendum
2581 3971 2687 4013 re-

475 4100 684 4176 posito
729 4115 845 4175 pro
891 4095 1330 4156 adhibendus.-
1392 4110 1513 4155 nec
1568 4092 1731 4154 enim
1776 4091 1920 4152 ullis
1962 4088 2270 4151 machinis
2316 4086 2574 4151 efficies
2616 4097 2683 4150 ut

478 4232 652 4285 recte
704 4223 829 4285 dici
893 4222 1196 4299 procul
1259 4223 1561 4283 adhibere
1615 4241 1889 4282 amorem
1945 4219 2243 4282 credatur
2263 4262 2283 4298 ‚
2342 4237 2523 4301 quae
2566 4216 2687 4283 sibi
