2824 4890
2167 364 2402 433 XXIX

205 547 451 610 eulento
494 544 819 623 subiecta,
862 545 1281 626 praemissam
1328 552 1544 610 autem
1589 545 2026 629 Amphitruoni
2070 569 2112 613 a
2152 550 2259 617 fol.
2287 552 2341 615 1.
2362 552 2401 616 ὅ

197 674 268 740 ad
325 676 383 742 9.
413 697 456 738 a
522 673 1062 755 vanohvm.
1182 675 1426 739 Harum
1496 675 1850 742 fabularum
1921 695 2056 742 xxi.
2119 679 2395 745 indicem

198 808 389 890 prima
430 807 670 889 pagiua
712 814 891 869 tenet
932 805 1032 870 his
1074 806 1295 870 verbis
1332 809 1740 889 praemissis:
1782 798 1879 873 ‘In
1918 809 2046 874 hoc
2075 813 2394 879 uolumine

194 942 594 1006 continentur
665 938 998 1005 comediae
1059 940 1256 1022 plauti
1313 960 1574 1009 numero
1638 930 1859 1023 xxtn’,
1927 944 2113 1025 unius
2171 954 2389 1014 autem

192 1093 423 1138 versus
479 1074 688 1156 spatio
744 1074 968 1136 relicto
1023 1074 1187 1136 inter
1244 1074 1571 1153 Epidicus
1620 1084 1688 1136 et
1740 1077 2073 1158 Bachides
2122 1078 2395 1143 nomina.

188 1207 376 1289 Quod
419 1227 548 1290 quo
587 1215 839 1289 spectet
882 1206 1029 1269 inde
1074 1207 1484 1292 intelligitur,
1549 1207 1716 1289 quod
1758 1228 2004 1272 rursum
2049 1210 2112 1274 in
2155 1229 2235 1274 ea
2274 1230 2399 1293 pa·-

190 1342 371 1425 gina,
430 1342 493 1402 in
546 1357 674 1422 qua
733 1339 953 1421 incipit
996 1339 1414 1421 Amphitruo,
1479 1357 1645 1420 quae
1689 1346 1796 1402 est
1835 1340 1948 1404 fol.
1990 1341 2051 1403 9.
2093 1344 2169 1418 b,
2230 1342 2399 1409 haec

196 1478 520 1559 leguntur:
564 1463 656 1538 ‘In
695 1476 823 1538 hoc
862 1475 1178 1537 uolumine
1221 1475 1616 1536 continentur
1657 1471 1987 1538 comediae
2028 1474 2225 1557 plauti
2268 1494 2396 1538 nu-

192 1628 358 1673 mero
402 1653 420 1671 .
465 1652 482 1670 .
527 1658 543 1674 .
590 1596 627 1672 ,²
667 1614 954 1686 (erasum
1002 1618 1105 1672 est
1145 1614 1333 1682 7111.)
1367 1628 1514 1673 cum
1556 1608 1770 1672 indice
1821 1618 1970 1674 octo
2033 1612 2395 1676 fabularum

178 1745 450 1825 priorum
497 1760 667 1805 nunc
706 1760 973 1823 prorsus
1018 1759 1229 1805 eraso.
1315 1743 1610 1824 Apparet
1663 1746 1867 1827 igitur
1920 1744 2002 1808 ab
2055 1744 2230 1808 initio
2269 1762 2387 1809 se-

180 1895 401 1940 orsum
458 1876 719 1958 seriptis
779 1884 927 1939 octo
981 1875 1293 1957 prioribus
1349 1886 1578 1959 postea
1621 1877 1873 1940 demum
1917 1878 2289 1942 accessisse
2328 1877 2393 1942 in

168 2010 301 2073 fine
345 2008 638 2070 adiectas
682 2007 1070 2089 posteriores
1112 2005 1442 2071 duodecim
1465 2049 1488 2089 ,
1544 2008 1607 2069 in
1662 2008 1970 2091 principio
2015 2009 2385 2089 Querulum.

174 2174 263 2191 —-
308 2144 415 2205 De
455 2143 844 2204 correcturis
882 2139 1173 2203 secunda
1215 2158 1405 2202 manu
1448 2139 1641 2202 factis
1660 2183 1684 2223 ,
1740 2158 2011 2223 quarum
2072 2142 2132 2205 in
2190 2142 2390 2206 certis

174 2277 423 2340 fabulis
465 2287 532 2337 et
563 2274 897 2337 multitudo
939 2290 1175 2357 magna
1212 2282 1280 2337 et
1322 2273 1745 2337 memorabilis
1790 2274 1949 2337 ratio
1993 2283 2131 2356 est,
2176 2276 2391 2340 dicam

177 2408 264 2473 ad
308 2406 579 2470 Militem
623 2404 1007 2489 gloriosum:
1066 2402 1150 2467 ad
1193 2403 1623 2467 'rtinummum
1676 2402 1841 2467 enim
1884 2403 2010 2467 hoc
2053 2403 2191 2467 fere
2235 2403 2388 2468 nihil

164 2542 471 2623 pertinet.
537 2569 621 2586 -
706 2537 1065 2601 Verborum
1127 2536 1451 2599 distinctio
1509 2554 1824 2618 persaepe
1878 2545 1992 2599 aut
2049 2536 2223 2599 nulla
2285 2543 2390 2599 est

156 2680 281 2734 aut
327 2689 574 2753 pravae
635 2668 806 2752 quod
853 2666 1104 2751 quidem
1146 2685 1362 2752 genus
1405 2667 1875 2749 discrepantiae
1918 2666 2108 2729 facile
2148 2666 2389 2732 intelli-

162 2812 360 2892 gitur
427 2804 834 2888 paucissimis
898 2805 1209 2887 exemplis
1273 2812 1342 2866 et
1404 2812 1646 2876 tantum
1709 2801 2084 2885 speciminis
2148 2820 2389 2869 caussa

164 2938 664 3006 commemorari
708 2937 1018 3020 potuisse.
1105 2936 1353 3001 Contra
1396 2936 1736 3020 diligenter
1793 2934 2271 3013 annotavimus,
2330 2936 2387 2999 si

155 3092 350 3156 quae
412 3073 478 3135 in
546 3090 850 3135 versuum
917 3071 1327 3135 distinctione
1390 3067 1603 3132 codex
1664 3069 2019 3152 singularia
2080 3065 2385 3133 haberet:

146 3222 328 3288 quos
372 3204 481 3266 ille
521 3203 924 3285 plerumque,
967 3205 1025 3266 si
1066 3223 1108 3267 a
1150 3203 1420 3269 canticis
1462 3205 1858 3286 recesseris,
1915 3211 2091 3267 recte
2131 3201 2385 3266 descri-

146 3347 312 3421 ptos
358 3335 696 3418 servavit,
754 3344 821 3398 et
879 3345 987 3419 ut,
1052 3336 1258 3399 sicubi
1314 3335 1440 3399 bini
1493 3335 1558 3398 in
1608 3354 1799 3399 unum
1855 3335 2164 3399 contracti
2208 3341 2384 3430 sunt,

143 3493 365 3557 saepe
421 3473 670 3556 pristini
725 3472 966 3536 ordinis
1022 3472 1218 3536 iudex
1276 3470 1738 3555 grandiuscula
1792 3472 2007 3535 littera
2055 3471 2120 3534 in
2157 3469 2385 3572 ‘medio

141 3628 357 3672 versu
400 3608 633 3672 relicta
680 3610 806 3670 sit:
851 3608 932 3671 de
973 3627 1100 3689 quo
1143 3607 1272 3669 dixi
1317 3607 1583 3688 Parerg.
1628 3625 1679 3688 1,
1725 3626 1788 3688 p.
1818 3604 1961 3669 439.
2047 3604 2379 3668 Persona·

140 3764 291 3808 rum
345 3743 520 3805 notis
563 3743 618 3805 is
658 3740 906 3818 codex,
962 3762 1001 3804 e
1046 3761 1170 3825 quo
1225 3742 1335 3805 hic
1394 3740 1667 3822 ductus,
1722 3742 1785 3804 in
1828 3741 1972 3823 ipsa
2012 3755 2376 3804 sermonum

138 3853 587 3942 continuitate
631 3875 889 3956 graecis
932 3872 1162 3938 litteris
1203 3874 1532 3953 utebatur,
1593 3872 1784 3955 plane
1845 3879 1918 3934 ut
1969 3871 2034 3933 in
2073 3868 2386 3932 Bembino

140 4009 314 4073 libro
338 4006 640 4071 Terentii
680 4005 944 4069 factum.
1017 4005 1177 4068 Eius
1219 3977 1700 4067 consuetudinis
1741 3999 1930 4064 modo
1975 4000 2157 4082 plura
2183 3995 2380 4062 medo

139 4145 472 4227 pauciora
512 4137 796 4222 vestigia
838 4139 901 4202 B
933 4139 1231 4200 servavit
1268 4137 1338 4197 in
1362 4132 1676 4216 Poenulo,
1718 4113 2072 4212 Pseudulo,
2115 4130 2377 4196 Trucu-

139 4284 369 4364 lento,
426 4283 631 4344 etia-
690 4278 755 4342 in
798 4275 1225 4343 Bacchidibus
1256 4319 1281 4358 ,
1326 4272 1392 4337 id
1446 4269 1614 4355 quod
1670 4268 1852 4353 tetigi
1895 4269 2109 4334 Musei
2167 4269 2376 4335 nostri
