2824 4890
507 363 753 427 cmm

505 551 564 608 si
609 544 906 606 volumus
953 563 1171 604 verum
1216 543 1439 620 fateri,
1500 558 1623 602 non
1668 539 1833 602 aliud
1883 557 2044 600 sane
2086 541 2334 602 faciunt
2379 541 2490 622 qui
2536 543 2705 605 velut

503 682 745 741 «linaiis
800 678 862 739 in
919 680 1098 738 exitu
1155 693 1388 737 versus
1437 673 1730 736 scribunt
1785 675 1894 736 vel
1952 676 2230 735 ece'ebam
2287 675 2349 735 in
2395 675 2703 756 principio

506 811 832 875 trochaici.
876 845 954 858 —
999 811 1091 871 Vt
1151 819 1363 871 autem
1420 809 1482 869 in
1542 808 1899 869 nominibus
1954 813 1981 867 i
2038 808 2291 869 litterae
2345 807 2700 888 synizesim

505 944 624 1005 sibi
668 945 982 1022 propriam
1029 941 1221 1001 babet
1262 942 1438 1016 dies,
1500 938 1604 998 cui
1664 936 2000 1000 addendus
2060 941 2318 998 triam
2378 938 2707 1019 genitivus
2797 979 2798 1032 3

504 1072 814 1133 'rriusw
829 1075 1006 1145 (nam
1036 1069 1115 1130 de
1140 1070 1308 1129 lien
1337 1078 1403 1128 et
1444 1071 1867 1131 dierectus
1913 1067 2272 1127 rectissime
2303 1087 2515 1149 nuper
2546 1070 2709 1131 Her-
2797 1121 2798 1130 ,

505 1220 776 1266 mannus
804 1202 1085 1278 statuit),
1132 1201 1218 1262 ita
1264 1200 1324 1260 in
1368 1200 1586 1261 verbis
1631 1217 1825 1279 prope
1869 1217 2059 1260 unum
2104 1205 2321 1259 ecio:
2362 1203 2561 1262 cuius
2586 1202 2709 1264 for-

509 1354 653 1397 mae
701 1333 1061 1414 bisyllabae
1100 1347 1326 1391 omnes
1370 1328 1868 1406 monosyllabam
1926 1330 2559 1411 pronuntiationem,
2620 1332 2707 1392 bi·

507 1464 818 1545 syllabam
861 1459 1228 1541 trisyllabae
1277 1475 1514 1538 passae
1554 1468 1706 1518 sunt
1734 1457 2139 1537 saepissime.
2228 1457 2584 1522 Accedunt
2627 1461 2709 1522 bis

510 1604 653 1659 aie
696 1604 815 1658 ait
858 1596 1319 1678 monosyllaba,
1363 1594 1741 1674 bisyllabum
1786 1595 2044 1652 aibam
2087 1614 2232 1655 cum
2282 1598 2529 1658 ceteris
2575 1617 2709 1678 per·

511 1728 810 1806 sonis*),
855 1743 1172 1804 nunquam
1229 1732 1441 1785 autem
1509 1723 1591 1785 ad
1650 1722 2130 1785 similitudinem
2190 1731 2321 1786 scia
2379 1735 2447 1786 et
2508 1733 2711 1789 scant

513 1858 854 1919 formarum
908 1857 1094 1916 etiam
1153 1860 1254 1915 aio
1302 1863 1368 1916 et
1421 1860 1607 1916 aiant
1660 1855 2123 1935 monosyllaba.
2211 1856 2462 1918 Horum
2511 1867 2708 1920 autem

514 1992 787 2054 omnium
832 1989 980 2050 nihil
1022 1987 1102 2049 ad
1150 1997 1364 2052 cetera
1400 1987 1601 2048 verba
1628 1995 1893 2068 quartae
1920 1989 2394 2069 coniugationis
2421 1993 2708 2053 tralatum

516 2134 646 2204 est,
690 2141 808 2185 nec
838 2130 1086 2204 praeter
1111 2122 1551 2202 imperfectum
1595 2121 2002 2194 audibam,
2052 2120 2112 2180 in
2158 2139 2282 2202 quo
2328 2129 2401 2182 ut
2443 2121 2516 2182 in
2567 2127 2709 2184 eci·
2797 2189 2798 2206 χ

514 2259 687 2318 bam
725 2257 1050 2338 synizesis
1076 2275 1307 2318 novam
1332 2273 1606 2335 eamque
1636 2261 2033 2315 constantem
2060 2252 2325 2315 formam
2352 2255 2711 2335 procreavit
2797 2307 2798 2310 ,

514 2390 656 2469 ipsa
698 2387 1011 2467 scriptura
1054 2401 1456 2466 expressam,
1502 2383 1688 2444 ullam
1733 2381 1924 2444 fidem
1954 2383 2268 2465 bisyllaba
2292 2388 2566 2450 audiam
2606 2408 2708 2450 aa·
2796 2351 2798 2358 Α

514 2522 658 2580 diae
702 2521 925 2581 audiat
964 2521 1232 2581 audiant
1270 2517 1506 2578 babent
1548 2518 1653 2576 vel
1686 2516 2018 2598 trisyllaba
2042 2521 2384 2580 audiamus
2412 2525 2705 2594 audiatis,
2795 2600 2796 2611 ἵ

515 2670 633 2714 nec
692 2652 834 2731 plus
890 2649 1035 2711 fidei
1084 2653 1323 2729 sociam
1376 2656 1445 2708 et
1498 2652 1783 2727 accipias
1839 2667 1980 2711 cum
2040 2651 2306 2714 ceteris:
2372 2652 2618 2715 nedum
2656 2661 2709 2713 ut
2795 2728 2796 2739 ἵ

516 2782 822 2840 nutatiabo
865 2786 931 2837 et
965 2777 1194 2837 similia
1221 2785 1552 2839 contracta
1579 2778 1725 2839 sint.
1769 2777 2072 2841 Afferunt
2096 2799 2133 2840 e
2157 2778 2460 2862 Captivis
2487 2781 2710 2866 111,5,5
2795 2754 2796 2761 ¹

767 2913 937 2972 Nam
982 2907 1236 2989 semper
1278 2920 1508 2972 occant
1545 2907 1721 2992 prius
1764 2930 1953 2994 quam
2002 2911 2282 2975 sarriunt
2322 2909 2591 2980 rtisticiz

522 3042 753 3105 nemini
814 3042 874 3101 in
931 3050 1207 3103 mentem
1264 3043 1443 3103 venit
1484 3049 1694 3106 sarire
1734 3046 1979 3108 formae
2026 3047 2297 3126 simplici
2343 3069 2382 3109 r
2420 3052 2712 3131 scriptae,

520 3193 687 3257 quae
746 3195 868 3237 non
928 3175 1141 3238 dubito
1203 3175 1349 3258 quin
1409 3176 1610 3237 breve
1668 3197 1708 3237 a
1769 3176 2035 3240 habeat:
2101 3177 2268 3240 uude
2333 3177 2710 3243 reddendum

518 3311 748 3373 Plauto
790 3310 1069 3373 scir-iant.
1154 3309 1450 3371 Viderint
1500 3311 1689 3392 igitur
1743 3331 1932 3393 quam
1996 3315 2459 3377 convenienter
2504 3316 2710 3381 ratini

520 3457 743 3529 agant,
791 3447 894 3527 qui
938 3463 1083 3507 cum
1127 3446 1327 3508 tribus
1371 3447 1641 3528 syllabis
1687 3464 1726 3508 a
1773 3446 1997 3508 Plauto
2037 3447 2247 3510 dictos
2293 3468 2446 3512 esse
2489 3453 2712 3514 verbo-

521 3597 659 3639 rum
710 3598 748 3640 a
791 3582 978 3640 uenio
1035 3578 1530 3661 compositorum
1593 3580 2044 3642 coniunctivos
2096 3593 2337 3662 negare
2384 3592 2714 3667 nequeant,

521 3682 734 3776 tamen
778 3711 998 3771 nescio
1044 3728 1168 3791 qua
1208 3709 1550 3771 timiditate
1595 3729 1718 3771 non
1757 3710 1898 3771 ausi
1957 3731 2387 3789 per-aenas
2430 3720 2718 3777 eaesae

522 3863 557 3904 ο
578 3863 615 3904 0
636 3861 682 3903 a
702 3861 746 3902 a
767 3861 802 3903 e
822 3860 867 3901 n
891 3861 929 3902 a
950 3859 994 3901 a
1014 3848 1041 3901 t
1095 3841 1380 3903 scribere
1440 3842 1667 3924 plenas
1728 3843 1970 3908 formas
2036 3846 2097 3908 in
2141 3850 2244 3908 ias
2290 3852 2387 3909 iat
2423 3852 2572 3910 iant
2607 3867 2711 3911 cx-

555 4118 620 4185 *)
657 4122 734 4169 De
769 4117 1084 4169 Bentleiano
1121 4120 1460 4182 praecepto,
1504 4133 1612 4183 quo
1659 4121 1834 4172 solam
1882 4126 2220 4172 cona-actam
2269 4124 2502 4174 formam
2537 4124 2718 4175 oiu-

656 4218 909 4281 probavit
945 4221 1199 4271 damnata
1233 4221 1531 4284 trisyllaba
1564 4219 1651 4288 (in
1689 4225 1882 4274 Heaut.
1905 4224 1978 4287 V,
2002 4224 2161 4289 1,.51.
2200 4225 2410 4277 Phora».
2445 4225 2547 4288 W,
2572 4220 2718 4290 1,.)

656 4318 785 4366 alibt
822 4317 1011 4368 dicam.
