2824 4890
448 308 730 375 cchvt

451 493 579 556 toci
622 500 852 554 natura
893 507 976 553 aa
1013 502 1116 553 ost
1160 501 1248 571 nt,
1311 492 1607 574 quoniam
1657 494 1745 556 ibi
1801 511 1935 558 vox
1985 496 2338 578 exorditur,
2394 499 2685 563 utor-fl

449 626 840 687 necessitate
904 622 1181 704 quadam
1236 613 1676 705 pronuntiandi
1737 644 1864 689 nou
1912 605 2250 692 eleventur
2291 630 2495 694 verba
2538 631 2677 696 sed

457 758 877 837 extollantur,
923 756 1174 818 etiamsi
1215 756 1384 819 ictus
1424 775 1821 820 numerorum
1844 801 1866 838 ,
1925 768 1997 820 ut
2038 760 2104 821 in
2148 759 2468 841 iamffieis,
2543 781 2682 824 noa

383 885 386 888 ’
457 886 747 950 accedat.
792 888 980 952 Talia
1017 889 1214 971 igitur
1253 897 1408 951 sunt
1451 893 1638 952 Bona
1677 891 1850 957 'ri-in.
1896 893 2003 973 41,
2048 895 2228 955 Bene
2267 892 2394 975 52,
2458 892 2686 957 crea·
2732 895 2737 901 ’

450 1023 560 1103 53,
604 1026 903 1105 Deosque
940 1025 1054 1103 57,
1095 1024 1292 1086 raaz-o
1331 1025 1441 1105 60,
1484 1026 1647 1088 Men
1687 1027 1798 1107 09,
1842 1035 1910 1089 et
1953 1027 2179 1089 similia
2222 1028 2477 1110 ubique.

637 1183 935 1245 Attamen
982 1201 1067 1245 ex
1108 1202 1210 1263 eo,
1255 1183 1427 1266 quod
1472 1182 1752 1265 pondere
1795 1195 2094 1250 carentes
2137 1205 2339 1251 voces
2383 1186 2570 1250 licuit
2616 1189 2682 1252 in

457 1308 624 1369 thesi
667 1307 1047 1388 deprimere,
1094 1307 1348 1370 minime
1390 1309 1807 1390 consequitur
1860 1327 1983 1371 non
2022 1314 2336 1390 ‚potuisse
2392 1314 2551 1374 acui
2596 1313 2681 1375 *iu

461 1441 591 1502 arsi
637 1440 968 1501 collocata.
1036 1440 1234 1502 Immo
1275 1440 1655 1522 ubicumque
1699 1440 1873 1505 nulla
1915 1442 2220 1523 ipsorum,
2269 1442 2496 1524 quibus
2544 1444 2684 1509 aii-

466 1571 636 1654 quod
679 1573 1067 1633 enuntiatum
1107 1568 1198 1652 flt,
1246 1571 1597 1634 mutatione
1641 1571 1812 1635 licuit
1852 1575 1961 1637 vel
2000 1574 2374 1637 satisfacere
2405 1575 2545 1656 legi
2569 1578 2681 1643 vel

466 1723 593 1767 non
664 1702 1074 1782 satisfacere,
1146 1711 1648 1765 censentanenm
1724 1713 1827 1767 est
1907 1703 1993 1767 ita
2053 1704 2253 1769 verba
2323 1703 2682 1788 disponere

481 1844 705 1917 poetas
751 1836 1077 1913 maluisse,
1136 1843 1204 1897 ut
1253 1836 1545 1917 singulae
1603 1833 1893 1899 notiones
1951 1837 2073 1900 sub
2134 1836 2298 1902 ictus
2363 1838 2682 1905 caderent

463 1984 652 2048 quam
703 1974 773 2026 ut
814 1965 1125 2045 quaedam
1172 1974 1355 2029 extra
1397 1966 1589 2028 ictus.
1679 1965 1854 2045 Quid
1902 1966 2064 2030 enim
2135 1965 2390 2030 taudem
2463 1986 2678 2034 caus-

462 2109 582 2165 eas
638 2100 846 2164 fuisse
911 2109 1211 2183 putemus
1274 2118 1408 2183 cur,
1456 2119 1643 2184 quem
1691 2099 1966 2164 ordinem
2015 2101 2173 2163 ratio
2240 2101 2592 2181 universa,
2637 2122 2677 2165 e

467 2254 591 2317 qua
636 2233 761 2297 hoc
801 2252 1015 2316 genus
1060 2250 1447 2313 suspensum
1490 2242 1615 2314 est,
1677 2231 2106 2315 dissuaderet,
2166 2234 2573 2316 praeferrent
2615 2238 2676 2298 ei

466 2369 574 2451 qni
623 2364 1240 2431 commendationem
1301 2365 1745 2429 concinnitatis
1776 2365 2021 2427 habens
2064 2382 2206 2427 cum
2253 2366 2422 2427 nuiio
2475 2385 2675 2448 pror-

468 2492 584 2573 su's
642 2525 874 2571 versus
931 2504 1291 2569 facientium
1346 2502 1749 2565 incommodo
1794 2506 2172 2564 coniunctus
2215 2498 2451 2579 esset?
2532 2504 2677 2566 lta-

472 2663 597 2727 que
637 2644 827 2705 huius
869 2641 974 2702 vis
1015 2636 1513 2703 ratiocinationis
1557 2653 1700 2698 cum
1745 2642 1809 2699 in
1852 2636 2261 2710 emendandis
2294 2638 2412 2700 illis
2457 2639 2675 2719 poetis

466 2786 570 2838 sat
614 2777 741 2837 iate
785 2781 1021 2855 pateat,
1067 2780 1198 2834 tum
1244 2773 1653 2853 praecipuum
1699 2770 1800 2832 ius
1832 2769 2146 2851 quoddam
2179 2770 2370 2832 habet
2411 2772 2473 2833 in
2503 2789 2674 2834 con·

473 2910 611 2971 ciso
656 2912 1236 2989 coagmentatoque
1277 2905 1667 2967 senariorum
1712 2910 1949 2967 metro:
1994 2906 2198 2986 paullo
2242 2904 2409 2966 enim
2451 2903 2673 2968 liberi-

470 3061 645 3106 orem
698 3037 1021 3113 ratiouem,
1079 3044 1146 3098 ut
1188 3035 1249 3097 in
1294 3036 1437 3099 aliis
1495 3034 1717 3115 rebus,
1759 3034 1844 3099 ita
1886 3038 1946 3099 in
1992 3035 2117 3100 hoc
2152 3056 2396 3120 genere
2436 3048 2673 3118 septe-

470 3174 633 3236 narii
676 3182 1052 3253 sequuntur,
1098 3169 1178 3232 ab
1227 3169 1399 3231 initio
1432 3168 1867 3249 potisssimum
1894 3187 2163 3235 versus:
2206 3187 2329 3251 quo
2370 3178 2438 3234 et
2469 3172 2695 3250 faci&

468 3303 619 3367 iliud
666 3306 934 3385 pertinet
977 3314 1040 3364 et
1078 3311 1322 3382 potero,
1365 3301 1531 3383 quod
1579 3302 1744 3365 nulio
1789 3305 2049 3387 negotio
2092 3322 2235 3368 cum
2279 3278 2409 3368 arsi
2450 3306 2713 3369 conci-·

468 3439 622 3500 liare
661 3437 758 3500 sic
803 3433 1066 3498 ncebat:
1132 3434 1332 3497 Neine
1390 3441 1455 3497 si
1500 3430 1723 3514 po'tero
1765 3454 1880 3513 (ρο
1920 3440 2310 3499 ornamentis
2353 3484 2371 3505 .
2416 3481 2436 3499 .
2473 3485 2490 3503 .
2537 3438 2673 3501 Sed

473 3572 647 3632 Trin.
697 3590 761 3631 v.
813 3570 897 3630 45
953 3588 1094 3630 cum
1168 3570 1342 3649 optio
1397 3566 1546 3630 duta
1616 3577 1796 3631 esset
1858 3570 2078 3633 harum
2140 3568 2670 3636 collocationum:

470 3700 660 3785 quo't‘a
704 3702 810 3760 hic
850 3696 1051 3778 pro'pe
1091 3719 1190 3761 me
1230 3696 1370 3761 πόει·
1432 3706 1620 3760 sonat
1661 3708 1726 3761 et
1771 3696 1964 3779 qudia
2005 3699 2112 3762 hic
2154 3697 2295 3763 uo'x
2330 3720 2532 3781 prope
2577 3702 2678 3764 εκ·

470 3842 675 3907 conat,
725 3833 846 3895 etsi
891 3831 969 3894 ad
1014 3829 1397 3894 sententiam
1464 3848 1865 3914 nequaquam
1920 3830 2294 3896 necessaria
2335 3843 2440 3896 est
2477 3855 2676 3913 prope

469 3970 674 4052 notio,
735 3979 944 4031 tamen
1006 3967 1299 4049 quoniam
1363 3965 1681 4040 accedere
1770 3967 2043 4049 scriptor
2099 3966 2317 4044 voluit,
2360 3967 2673 4029 intensam

472 4115 802 4186 praestare
844 4106 1229 4169 obscuratae
1271 4115 1570 4185 apparet:
1624 4104 1759 4183 pari
1815 4104 2059 4166 ratione
2116 4110 2311 4182 atque
2355 4116 2422 4163 v.
2465 4099 2510 4162 2
2553 4116 2674 4162 nou

465 4233 667 4312 su'nem
699 4237 886 4317 qudm
920 4241 1067 4318 sore
1106 4236 1316 4299 dicam
1362 4236 1729 4320 collocavit,
1775 4236 1893 4301 sed
1922 4234 2127 4319 finem
2164 4231 2317 4317 [ὅτε
2352 4252 2541 4315 quem
2569 4230 2676 4297 au-
