2824 4890
2166 365 2290 429 CV

162 545 283 608 iliud
324 565 452 611 cum
489 554 975 628 praebibero,
1025 569 1210 633 quam
1237 550 1504 613 Plautus
1547 549 1810 612 formam
1839 550 2039 613 solam
2087 551 2298 615 novitz

159 697 275 742 nam
306 685 589 759 praebere
628 686 685 745 in
734 685 1009 746 noviciis
1051 691 1290 745 tantum
1339 681 1516 743 libris
1573 690 1803 745 exstat.
1862 714 1942 726 —
2032 682 2302 765 Respuit

159 819 333 878 autern
387 813 721 895 antiquitas
784 815 1085 877 vitiosam
1143 817 1571 894 nequidquam
1631 813 1895 876 formam
1917 858 1936 893 ‚
2001 833 2112 895 pro
2177 831 2300 894 qua

154 943 271 1007 boni
305 945 548 1009 codices
591 955 830 1009 tantum
878 967 1000 1009 non
1044 965 1301 1029 semper
1352 953 1848 1029 nequiquam
1905 955 2173 1028 tenent,
2235 958 2305 1011 ut

151 1078 358 1144 mm:
396 1089 462 1143 ut
499 1098 763 1162 prorsus
804 1088 1058 1162 praeter
1104 1100 1338 1144 morem
1387 1080 1484 1143 bis
1527 1084 1587 1144 in
1632 1102 1758 1145 una
1786 1082 2027 1161 fabula,
2074 1102 2136 1145 v.
2156 1081 2302 1144 440.

151 1208 274 1292 5⁶5,
312 1230 539 1293 pravae
580 1212 940 1293 scripturae
979 1213 1259 1296 vestigia
1299 1214 1361 1274 in
1405 1214 1547 1276 illos
1592 1214 1975 1295 irrepserint.

284 1348 504 1412 Certas
534 1360 751 1413 autem
783 1350 1117 1413 cautiones
1157 1330 1467 1433 quasdam
1510 1351 1973 1434 interrogativa
2015 1369 2107 1411 ue
2152 1367 2303 1432 par-

152 1480 304 1544 ticula
327 1485 391 1556 ³)
445 1482 656 1546 babet.
743 1482 953 1561 Quam
999 1482 1159 1545 ratio
1218 1479 1473 1562 quidem
1530 1438 1703 1543 iubet
1748 1483 1934 1562 plene
1976 1491 2126 1544 ante
2171 1499 2302 1544 vo-

146 1606 288 1670 cales
335 1608 564 1692 scribi,
628 1618 698 1673 ut
739 1610 810 1674 fit
847 1611 912 1672 in
952 1569 1219 1673 elisione
1260 1608 1491 1691 latina,
1551 1610 1730 1672 velut
1775 1610 2032 1691 qualine
2076 1618 2300 1689 amco,

147 1744 283 1805 n'tme
324 1766 501 1809 esee.-
554 1748 699 1809 sine
751 1745 1260 1829 apostropho
1321 1754 1533 1807 autem
1592 1754 1664 1807 ut
1706 1743 2102 1811 Graecorum
2162 1737 2302 1831 mio

143 1866 430 1957 ποταμόν,
496 1881 607 1944 ubi
661 1889 808 1944 ante
864 1890 1322 1952 consonantem
1381 1892 1746 1965 truncatur,
1816 1885 1993 1946 velut
2054 1886 2297 1951 habeon

137 2020 364 2091 udam,
406 2037 550 2079 meu
600 2022 919 2099 numquis,
965 2017 1073 2080 ubi
1117 2017 1368 2100 quidem
1419 2018 1570 2079 nulli
1615 2035 1878 2100 prorsus
1907 2019 2053 2082 usui
2083 2018 2295 2083 circuli

140 2142 372 2212 adiectio
412 2152 682 2213 habeon’
724 2153 905 2214 men’.
993 2152 1236 2214 Verum
1297 2160 1510 2213 tamen
1570 2151 1761 2214 etiam
1821 2152 1881 2213 in
1926 2152 2134 2233 priore
2172 2171 2299 2235 ge-

139 2295 259 2340 nere
288 2290 413 2345 tam
457 2301 668 2363 saepe
710 2283 769 2344 in
817 2285 1071 2363 optimis
1116 2284 1290 2346 libris
1334 2284 1473 2365 ipsa
1514 2304 1549 2345 e
1594 2285 1841 2347 vocalis
1883 2285 2133 2347 abiecta
2177 2292 2300 2364 est,

138 2411 272 2477 haec
320 2428 388 2483 ut
431 2417 631 2482 fidem
693 2418 933 2481 faciant
984 2437 1107 2481 non
1172 2417 1583 2481 abhorruisse
1641 2436 1783 2480 eam
1840 2420 2217 2498 scripturam
2266 2435 2306 2480 a

139 2556 380 2614 veterum
423 2551 714 2616 doctrina
756 2552 1329 2634 grammaticorum.
1416 2551 1844 2614 servavimus
1903 2550 2128 2631 igitur,
2186 2547 2305 2609 sed

138 2684 463 2747 necessario
506 2681 726 2747 addita
768 2681 1160 2764 apostrophe
1186 2728 1203 2759 ‚
1265 2686 1447 2745 cuius
1493 2684 1664 2744 nulla
1708 2699 1985 2762 unquam
2031 2681 2091 2741 in
2134 2680 2306 2742 libris

139 2813 488 2895 significatio
536 2818 652 2899 fit,
699 2820 870 2881 velut
915 2814 1408 2880 inconciliastin'
1450 2839 1592 2880 eum
1638 2837 1698 2880 v.
1747 2816 1901 2897 136,
1942 2814 2186 2899 falson’
2222 2837 2310 2879 an

138 2945 272 3031 21⁰,
330 2957 573 3016 tauton’
617 2959 686 3014 in
736 2952 867 3016 609
883 2997 904 3035 ‚
962 2950 1168 3032 ipson’
1210 2958 1372 3013 istae
1410 2950 1544 3013 902
1567 2995 1586 3030 ‚
1653 2951 1957 3013 nouistiu'
1995 2952 2307 3015 hominem

136 3080 267 3149 905:
307 3088 531 3170 quibus
578 3087 893 3168 exemplis
939 3088 1230 3150 omnibus
1256 3109 1308 3169 e
1348 3089 1748 3152 intercidisse
1789 3089 2179 3153 librariorum
2206 3091 2306 3153 in-

161 3314 213 3375 q
241 3318 312 3370 lta
345 3320 619 3384 particula
652 3318 756 3369 dici
792 3318 975 3382 nequit
1022 3317 1229 3382 quoties
1278 3316 1615 3367 librariorum
1655 3314 1863 3366 incuria
1899 3313 1984 3363 vel
2021 3313 2207 3374 elapsa
2239 3311 2312 3363 sit

243 3422 326 3471 vol
372 3424 687 3473 obscurata.
756 3421 931 3487 Quam
970 3434 1035 3469 ex
1072 3418 1119 3468 A
1156 3420 1535 3469 revocavimus
1583 3431 1638 3466 v.
1676 3417 1804 3466 350.
1841 3415 1970 3464 360.
2007 3414 2134 3463 378.
2175 3413 2305 3464 420.

243 3520 373 3587 51³,
426 3522 747 3573 coniectura
792 3519 1021 3570 additam
1057 3518 1356 3579 recepimus
1394 3530 1450 3567 v.
1489 3517 1616 3566 375.
1653 3517 1783 3568 635.
1822 3515 1950 3562 683.
1987 3513 2111 3573 957,
2148 3510 2309 3562 tutati

241 3632 420 3673 sunus
455 3637 510 3672 v.
547 3621 678 3672 ow.
747 3619 1065 3685 Quanquam
1118 3619 1278 3670 etiarn
1326 3630 1609 3683 perperam
1662 3617 1714 3667 in
1760 3615 2035 3667 codicibus
2080 3613 2310 3664 accessit

243 3726 297 3770 ut
329 3735 383 3772 v.
422 3720 571 3787 nm,
593 3721 677 3772 ubi
713 3719 925 3770 dedisti
960 3720 1266 3784 argentum
1289 3716 1320 3769 ?
1357 3730 1463 3767 non
1501 3721 1584 3766 est
1620 3715 2026 3780 interrogantis,
2062 3712 2148 3776 qui
2168 3714 2310 3776 quod

243 3829 440 3878 nesciat
472 3828 805 3892 sciscitetur,
853 3828 947 3877 sed
998 3840 1116 3877 cum
1156 3825 1401 3876 irrisione
1451 3823 1776 3887 quaerentis.
1849 3821 2089 3872 Dubitari
2128 3825 2309 3886 potest

242 3928 305 3977 de
338 3943 391 3978 v,
426 3929 569 3993 946,
606 3941 729 3979 uum
767 3927 968 3979 rectius
1003 3927 1072 3977 ibi
1109 3940 1223 3977 mm
1260 3938 1417 3988 quarn
1455 3936 1643 3973 nonne
1679 3923 1932 3987 legatur,
1981 3922 2132 3970 cuius
2169 3920 2309 3970 alte-

244 4039 354 4078 rum
389 4041 510 4079 cum
545 4028 812 4080 infinitivo
847 4028 1144 4090 exemplum
1184 4027 1486 4076 Plautinum
1536 4024 1802 4073 desidero.
1880 4025 2038 4071 Recte
2078 4020 2196 4070 sine
2245 4033 2314 4070 ue

248 4125 619 4193 interrogatur
652 4142 707 4183 v.
745 4130 857 4179 318
891 4129 1218 4193 exprobras
1242 4165 1256 4190 ‚
1304 4127 1414 4177 605
1450 4128 1573 4176 sine
1609 4126 1738 4174 dote
1775 4123 1968 4181 dabit,
2003 4122 2118 4171 708
2157 4124 2310 4174 tenen

246 4233 380 4297 ι’ωιι,
412 4234 524 4283 sta
557 4235 675 4285 iam
712 4232 1238 4292 recommentatu’s‚
1275 4230 1387 4278 982
1405 4226 1647 4293 Ῑαεεκέ,
1686 4223 1879 4287 dispari
1899 4230 2078 4274 autem
2100 4223 2312 4273 rationo

248 4346 299 4383 v.
334 4332 442 4384 ⁹41
485 4347 512 4385 e
546 4337 711 4386 caelo
748 4339 806 4387 ut
843 4333 1071 4386 videtur.
