2824 4890
2054 368 2281 435 CXXI

287 523 575 614 Vide'tque
617 530 759 615 ipse
801 533 882 597 ad
927 535 1369 617 paupertatem
1415 551 1807 622 protractum
1850 548 2002 613 e'sse
2043 569 2150 633 se,

156 662 329 742 eequis
363 666 642 730 tutabitur
685 669 745 730 in
794 678 971 733 tanta
1015 672 1370 755 corrigendi
1402 677 1755 764 evidentia,
1801 690 2097 763 quantam
2123 685 2283 748 Am-

152 792 368 857 brosiani
407 800 776 883 Veterisque
818 804 878 864 in
922 804 1128 867 Stichi
1171 824 1363 868 versu
1409 826 1455 887 1,
1496 806 1570 884 3,
1601 811 1685 872 22
1723 813 2039 893 scriptura
2086 835 2284 898 prae-

147 923 289 989 stat?
382 927 499 990 vbi
564 948 707 994 cum
775 932 837 1016 in
897 935 1015 997 01>
1085 937 1337 1018 legatur
1402 945 1685 1003 numeris
1754 945 1944 1006 nullis
2009 947 2287 1025 Propter

138 1067 508 1133 paupertatem
550 1064 671 1124 hoc
715 1067 870 1126 adeo
912 1085 1140 1128 'comen
1170 1076 1443 1149 repperi,
1493 1071 2014 1155 elegantissimus
2041 1097 2124 1141 ex
2152 1078 2280 1142 AB

139 1177 215 1243 hic
248 1188 567 1251 versiculus
609 1191 855 1272 prodit:

337 1325 597 1408 Propte'r
639 1331 1002 1411 pauperiem
1047 1333 1174 1397 hoc
1217 1332 1381 1400 adeo
1425 1358 1650 1403 nomen
1697 1342 1971 1426 repperi.

141 1451 390 1521 Concedo
445 1461 596 1524 talia
662 1481 917 1545 quoque
975 1465 1141 1545 apud
1209 1469 1507 1533 Plautum
1568 1478 1865 1559 reperiri,
1936 1482 2120 1562 quale
2174 1492 2277 1547 est

132 1592 259 1653 videt
288 1603 423 1658 ante
467 1609 924 1662 consonantem
971 1614 1332 1684 correptum
1382 1606 1774 1689 (quanquam
1835 1613 2061 1678 horum
2107 1635 2271 1699 quo-

133 1736 228 1798 que
257 1742 383 1803 pars
418 1728 608 1791 alium
659 1730 868 1811 potius
911 1733 1300 1815 explicatum
1342 1735 1615 1817 habeo:
1671 1760 1848 1823 xnego
1905 1749 2161 1828 reperiri
2204 1743 2300 1813 in'

129 1858 340 1919 senariis
389 1861 680 1925 iambicis
725 1867 1236 1950 septenas-iisque
1283 1887 1425 1932 cum
1471 1873 1815 1938 trochaicis
1860 1885 1991 1942 tum
2033 1882 2269 1945 iambi-

125 1985 223 2067 οἰδ,
273 2009 423 2074 nego
466 1995 661 2057 etiam
705 1997 771 2058 in
814 1998 1069 2061 creticis
1113 2008 1178 2061 et
1218 2001 1600 2066 bacchiacis.
1685 2007 1858 2072 Nam
1902 2009 2028 2074 hoc
2073 2015 2272 2078 teneri

121 2132 321 2199 praeter
362 2111 585 2192 cetera
628 2132 814 2215 volo,
874 2133 1063 2196 nimis
1104 2135 1463 2217 neglectum
1509 2158 1546 2202 a
1593 2141 1956 2226 plerisquez
2014 2147 2161 2210 nihil
2206 2148 2270 2211 in

116 2250 417 2338 indaganda
456 2261 769 2345 prosodia
813 2264 1106 2330 Plautina
1147 2269 1366 2349 profici
1409 2271 1532 2334 nisi
1576 2271 2061 2357 diligentissime
2101 2283 2267 2344 inter

111 2359 168 2444 se
201 2374 491 2457 distinctis
537 2400 888 2458 metrorum
934 2397 1306 2479 generibus.
1391 2402 1496 2465 Ab
1534 2403 1779 2467 illorum
1830 2412 2040 2491 enim,
2099 2430 2267 2494 quae

112 2518 242 2604 dixi,
295 2546 517 2594 severa
570 2532 996 2595 concinnitate
1041 2532 1169 2597 dici
1226 2537 1445 2619 nequit
1500 2546 1800 2618 quantum
1863 2541 2057 2605 distet
2115 2562 2264 2609 cum

109 2667 614 2741 anapaesticorum
661 2675 792 2729 tum
833 2669 1298 2733 octonarios-um
1353 2672 1624 2734 omnium
1669 2673 1954 2743 licentiat
2014 2677 2074 2739 in
2121 2679 2268 2760 qui-

108 2789 202 2853 bus
235 2815 341 2861 non
381 2818 594 2881 pauca
636 2798 919 2863 admissa
960 2802 1092 2864 sint
1133 2822 1172 2865 a
1217 2806 1606 2870 senariorum
1641 2810 2267 2895 septenariorumque

109 2920 374 3005 elegantia
419 2949 689 3013 prorsus
731 2932 1153 2997 abhorrentia.
1239 2935 1411 2998 Huic
1451 2947 1661 3001 autem
1702 2940 1966 3006 alteram
2012 2946 2265 3009 cautio-

106 3071 217 3118 nem
256 3064 567 3143 quandam
614 3064 970 3128 addendam
1014 3066 1245 3131 video:
1289 3076 1359 3131 ut
1404 3089 1526 3152 ne,
1574 3073 1742 3153 quod
1797 3076 1990 3139 certis
2034 3098 2264 3142 exem-

106 3194 200 3271 plis
233 3199 452 3267 factum
501 3221 657 3266 esse
705 3213 1003 3286 constet,
1072 3204 1150 3266 ad
1196 3214 1394 3271 totum
1444 3225 1652 3288 genus
1698 3210 1950 3294 aliquod
1997 3213 2263 3279 calidius

99 3329 496 3415 transferatur,
542 3333 747 3415 qualis
788 3333 1183 3397 ratiocinatio
1225 3354 1426 3418 saepe
1471 3340 1890 3406 fallacissima
1916 3343 2127 3408 futura
2150 3347 2258 3429 sit,

92 3457 184 3519 sed
220 3462 292 3525 de
329 3468 602 3551 singulis
649 3479 717 3530 ut
759 3476 825 3530 et
868 3479 1209 3550 quaeratur
1251 3472 1620 3555 singillatim
1665 3487 1731 3538 et
1771 3477 2103 3557 speciatim
2132 3477 2255 3542 de-

92 3608 357 3665 cernatur.
434 3601 724 3665 Accedit
767 3604 1018 3668 tertium
1065 3605 1251 3688 idque
1293 3608 1631 3673 subtilius:
1696 3613 2111 3695 reputandum
2155 3625 2260 3681 est

192 3889 377 3947 Plauto
424 3909 556 3949 rara
590 3898 744 3964 fult,
795 3899 1139 3952 cot-rectricis
1172 3913 1366 3951 manus
1402 3914 1573 3964 opera
1609 3901 1660 3951 in
1696 3899 2026 3966 refingendis
2068 3910 2258 3949 resar-

192 3995 487 4061 ciendisque
524 4000 773 4051 versibus
808 4008 1164 4066 consumpta,
1218 4014 1392 4065 eaque
1430 4015 1494 4052 ex
1530 4002 1832 4065 antiquiore
1876 4003 2060 4050 aetate
2094 4010 2258 4061 repe-

179 4093 334 4145 tenda
381 4109 544 4161 quam
580 4112 686 4162 qua
718 4099 831 4162 ipse
868 4099 1147 4151 Bembinus
1180 4101 1320 4151 libet·
1351 4102 1592 4164 scriptus
1628 4102 1746 4150 este
1799 4098 2019 4163 longius
2068 4103 2246 4149 autem

186 4203 220 4241 a
248 4194 575 4249 Terentiana
625 4200 939 4266 integritate
988 4202 1302 4267 nauffinna,
1354 4214 1510 4265 quam
1548 4216 1584 4252 a
1619 4200 1874 4252 Plautina
1926 4200 2243 4254 Ambrosia-

185 4303 281 4345 m
313 4297 519 4349 abesa·
