2824 4890
2106 383 2352 452 CXCV

137 521 262 584 tius
299 524 605 601 syllabam
671 529 1000 600 librorum,
1046 540 1363 616 scriptura
1421 551 1532 605 tua
1585 553 1807 628 edepol
1854 570 2150 639 spectare
2206 571 2348 635 visa

131 670 230 714 est
295 665 464 728 (nam
516 663 782 737 aedepol
823 682 934 741 pro
978 669 1199 744 edepol
1236 690 1425 751 quam
1471 677 1776 759 frequens
1820 697 1922 750 est
1978 694 2037 754 in
2078 704 2344 768 noviciis

124 788 245 849 12⁸2
294 792 495 867 libris,
551 805 678 857 tam
746 807 851 859 est
907 802 969 861 in
1029 806 1306 885 antiquis
1361 809 1702 893 insoleus),
1748 840 1785 881 e
1824 842 1949 903 qua
2015 836 2147 892 tute
2189 852 2335 900 cum

124 922 351 985 Bothio
396 925 755 990 effecimus.
846 933 958 994 ma
1001 947 1234 1014 autem,
1281 943 1357 1004 ἀι
1393 958 1585 1024 opust
1623 953 1691 1014 td
1729 959 1821 1017 ila
1846 980 2007 1038 esse,
2047 968 2193 1046 ipsa
2232 972 2334 1036 vis

120 1062 473 1123 sententiae
515 1070 586 1124 et
624 1066 779 1128 artis
823 1070 989 1132 ratio
1032 1073 1366 1156 flagitabat
1425 1092 1492 1145 ut
1534 1087 1634 1149 sic
1676 1095 2141 1166 collocarentur
2182 1127 2331 1171 mu-

128 1205 262 1262 tato
305 1214 580 1265 accentu
625 1206 704 1266 u't
738 1217 930 1286 opust
963 1210 1057 1271 {ta
1101 1220 1161 1276 lc
1200 1238 1377 1280 esee:
1419 1226 1729 1309 reliquum
1771 1233 1962 1315 igitur
2008 1251 2145 1306 erat
2191 1256 2259 1310 ut
2288 1253 2337 1311 d

115 1339 513 1407 adficeretur.
578 1347 881 1411 Eiusdem
931 1350 1177 1415 litterae
1221 1356 1585 1424 adiumento
1618 1367 1852 1431 licebat
1886 1375 2070 1435 tertio
2104 1396 2329 1463 versu,

115 1489 281 1552 quae
323 1478 462 1556 ipsa
507 1490 979 1554 constructione
1025 1495 1237 1560 iuncta
1281 1513 1472 1584 suut,
1533 1513 1992 1585 pronuntiando
2055 1532 2314 1598 quoque

111 1616 402 1670 coartare
443 1616 632 1674 islam
675 1638 806 1678 rem
847 1625 935 1681 ud
962 1629 1109 1685 med
1124 1635 1393 1692 attinere
1411 1613 1842 1718 felegautius
1870 1652 2081 1709 tamen
2109 1650 2319 1715 visum

107 1748 216 1798 est
258 1745 346 1801 ad
382 1764 483 1804 me
523 1748 722 1809 verba
765 1751 1000 1816 intendi
1044 1768 1192 1822 ante
1235 1784 1369 1825 rem
1416 1770 1748 1834 collocata.
1860 1777 2148 1843 Dubitari
2193 1803 2316 1863 po·-

109 1877 244 1931 test
286 1872 367 1935 de
417 1877 652 1943 Bacch.
693 1881 853 1943 430:

106 2274 559 2338 vocabulorum
621 2280 780 2341 inter
824 2301 899 2342 se
945 2296 1448 2353 constructorum
1496 2295 1827 2379 diremptio
1872 2312 2009 2384 est,
2056 2316 2117 2367 et
2162 2327 2314 2387 per-

99 2400 303 2466 facilis
349 2412 764 2488 transpositio
805 2419 1048 2477 maiust
1081 2423 1288 2481 arenis.

261 2539 474 2599 Tanta
518 2542 711 2622 igitur
758 2562 903 2607 eum
947 2547 1104 2629 suga
1150 2551 1360 2613 hiatus
1407 2555 1596 2619 fuerit
1644 2560 2134 2641 locupletissima
2180 2587 2306 2630 ex-

98 2674 437 2732 cusatione
479 2675 715 2755 muniti,
763 2680 990 2757 quibus
1035 2683 1290 2746 tandem
1337 2689 1646 2752 machinis
1703 2711 1825 2754 non
1871 2675 2342 2765 excusabilem·

96 2795 330 2863 hiatum
373 2813 588 2868 tamen
634 2808 968 2876 defensum
1029 2816 1201 2882 ibis?
1274 2820 1543 2885 Scilicet
1603 2827 1769 2907 quod
1829 2849 1866 2892 a
1933 2849 2302 2902 caesura

96 2936 509 3014 terminet-5⁸5
549 2939 713 3003 idem
761 2945 842 3004 ab
884 2945 1109 3008 eadem
1156 2939 1431 3015 caesura
1474 2959 1853 3037 praesidium
1896 2964 2150 3030 fuerunt
2193 2972 2301 3052 qui

90 3079 380 3144 paratum
426 3092 576 3135 esse
623 3077 940 3141 hiantibus
987 3086 1254 3147 senariis
1299 3088 1553 3155 vellent.
1625 3093 1771 3172 Qua
1816 3104 2297 3180 comparatione

89 3209 228 3273 nihil
278 3215 552 3292 cogitari
598 3217 876 3293 alienius*
907 3229 1138 3301 potest.
1251 3226 1437 3287 Adeo
1483 3231 1645 3290 enim
1690 3232 1837 3292 nihil
1878 3235 2297 3301 similitudinis

87 3340 240 3403 iuter
285 3353 627 3429 utramque
672 3367 1009 3417 caesuram
1052 3358 1408 3440 intercedit,
1456 3363 1623 3443 quod
1671 3365 1922 3446 quidem
1970 3367 2047 3430 ad
2080 3370 2287 3433 minu-

88 3475 311 3538 endam
357 3478 569 3542 hiatus
615 3484 1032 3551 offensionem
1081 3490 1334 3572 valeat,
1415 3505 1483 3556 ut
1529 3496 1991 3563 diversissimis
2032 3507 2296 3586 generi-

86 3604 197 3667 bus
240 3609 564 3674 discretae
608 3618 752 3680 sint.
843 3622 1030 3699 Quod
1075 3624 1412 3690 discrimen
1455 3641 1634 3693 reete
1667 3649 2003 3702 senserunt
2043 3643 2150 3722 qui
2189 3643 2290 3707 ai-

79 3744 559 3815 teramtantum
611 3768 969 3834 caesuram,
1018 3756 1351 3822 diaeresim
1401 3764 1663 3828 alteram
1716 3782 2047 3855 vocarunt,
2074 3792 2279 3856 quan-

77 3886 255 3947 quam
277 3892 403 3934 nec
428 3888 714 3940 veterum
739 3888 1119 3951 auctoritate
1148 3900 1215 3953 et
1239 3896 1424 3956 aliam
1454 3898 1537 3958 ob
1567 3866 1864 3965 caussam
1897 3905 2287 3968 meoiudicio

79 4021 191 4067 non
220 4011 394 4069 satis
431 4012 864 4089 probabiliter.
903 4019 1038 4080 Sed
1082 4012 1163 4084 de
1207 4030 1459 4090 nomine
1502 4040 1826 4114 utcunque
1868 4044 2161 4118 statues,
2207 4060 2275 4102 re

79 4135 391 4203 interesse
436 4147 761 4224 plurimum
808 4164 1097 4235 apparet,
1142 4176 1377 4221 versus
1422 4159 1731 4226 incisione
1775 4165 1984 4247 aliqua
2029 4170 2284 4238 ordines

23 4276 26 4283 ’
75 4267 407 4350 rhythmici
450 4290 788 4345 serventur
824 4303 912 4348 an
955 4290 1249 4354 consulto
1307 4291 1727 4365 dissecentur.
1831 4299 2081 4381 Quodsi
2133 4324 2283 4371 ser-
