2824 4890
2117 383 2351 447 xxx!

183 557 228 613 e·
260 550 361 617 sce·
393 556 593 620 marie.
637 552 708 619 ἃ
747 545 1037 622 scscorbi
1079 551 1337 646 frissg.')
1357 608 1379 645 ,
1437 566 1601 630 uude
1660 528 1973 651 per'quas
2018 573 2351 635 vicissitu-

180 688 335 752 dines
370 690 448 753 ad
494 690 930 755 Camerarium
986 701 1356 775 pervenerit
1397 702 1707 766 nescitur}
1750 722 1876 766 una
1919 722 2063 768 cum
2099 707 2348 769 Vetere

173 832 229 884 et
262 823 336 886 de
373 824 555 887 huius
594 826 934 889 heredibus
979 839 1234 911 emptus
1282 842 1347 894 et
1393 834 1454 895 in
1499 837 1940 903 Palatinam
1985 842 2200 905 illatus
2222 844 2348 905 ibi-

175 978 282 1039 que
319 979 570 1022 numero
616 959 797 1022 ¹613.
841 971 1104 1025 notatus
1151 973 1216 1026 et
1259 964 1507 1048 direpta
1536 971 1829 1034 Palatina
1873 973 1934 1035 in
1958 973 2342 1038 Vaticanam

174 1094 528 1171 translatae,
596 1092 717 1155 sed
777 1093 925 1156 hinc
978 1095 1118 1157 sine
1182 1098 1428 1161 Vetere
1481 1102 1766 1165 Parisios
1824 1106 2123 1187 abreptus
2184 1126 2350 1171 anno

174 1224 484 1304 superioris
526 1225 774 1286 saeculi
818 1243 1170 1309 mxxvn,
1216 1228 1404 1292 huius
1449 1241 1658 1295 autem
1703 1254 1760 1297 a.
1782 1252 1894 1303 xv.
1925 1238 2350 1301 bibliothecae

167 1356 819 1441 Heidelbergensi
877 1362 1231 1425 restitutus.
1318 1364 1613 1446 Scriptus
1662 1377 1764 1429 est
1820 1371 2081 1431 saeculo
2125 1386 2243 1431 xn.
2285 1370 2346 1431 in

180 1507 502 1554 ccxxxvm.
573 1492 953 1554 membranis
1020 1493 1265 1556 formae
1326 1494 1721 1578 quadratae,
1787 1508 2009 1563 cetera
2075 1503 2348 1584 disparis

173 1627 567 1709 condicionis,
622 1648 881 1710 quarum
941 1629 1145 1709 prima
1198 1627 1342 1689 nihil
1386 1629 1510 1690 nisi
1559 1628 1914 1693 fabularum
1957 1650 2070 1697 xu.
2116 1644 2344 1714 poste-

162 1763 384 1845 riorum,
428 1781 608 1845 quae
654 1763 837 1824 solae
877 1762 1110 1843 insunt,
1155 1759 1425 1822 indicem
1456 1762 1516 1823 in
1541 1762 1772 1842 pagina
1797 1767 1999 1845 prima
2030 1768 2334 1849 scriptum

163 1901 323 1957 tenet.
366 1894 665 1958 videnda
711 1894 792 1957 de
836 1914 914 1958 eo
959 1914 1122 1977 quae
1152 1894 1430 1957 diximus
1461 1896 1542 1958 de
1565 1898 1712 1959 crisi
1741 1898 1943 1964 Plaut.
1971 1920 2030 1982 p.
2050 1902 2176 1963 514
2195 1921 2337 1985 sqq.

158 2023 265 2088 535
300 2047 430 2111 qu.
520 2027 770 2089 Ibidem
835 2047 893 2108 p.
948 2028 1064 2090 163
1104 2047 1199 2109 sq.
1264 2029 1462 2090 certis
1528 2037 1922 2113 argumentis
1981 2034 2334 2117 docuimus,

164 2158 311 2241 prius
351 2179 541 2243 quam
593 2162 1034 2221 decurtat-etur
1078 2177 1299 2223 omnes
1330 2159 1583 2226 fabulas
1613 2180 1719 2225 xx.
1747 2167 2147 2248 complexum
2172 2189 2339 2236 esse.

157 2293 331 2355 Manu
375 2313 495 2357 nec
543 2292 828 2375 eleganti
870 2293 1146 2373 scriptus
1189 2301 1291 2354 est.
1346 2312 1470 2356 uec
1524 2295 1791 2362 eadem:
1859 2302 2190 2366 verborum
2236 2304 2337 2367 di-

156 2424 465 2487 stinctione
510 2423 719 2485 multo
763 2423 953 2484 etiam
983 2440 1168 2504 quam
1198 2425 1261 2484 in
1284 2422 1533 2488 Vetere
1563 2431 1992 2507 perversiore:
2036 2454 2336 2500 versuum

161 2553 583 2638 distinctione,
647 2559 765 2619 nisi
828 2558 1055 2638 paucis
1109 2557 1170 2618 in
1230 2558 1444 2620 scenis
1501 2561 1819 2645 iambicis,
1886 2565 2073 2647 plane
2126 2570 2334 2634 nullas

156 2718 387 2762 numero
435 2718 748 2764 versuum
793 2699 852 2759 iu
895 2697 1166 2778 singulis
1225 2696 1475 2780 paginis
1523 2659 1890 2781 plerumque
1935 2717 2130 2765 xxvii
2182 2723 2334 2784 per-

152 2850 418 2897 sonarum
481 2832 848 2897 nominibus
915 2850 1059 2893 cum
1125 2846 1465 2892 scenarum
1532 2831 1719 2895 initiis
1790 2841 1917 2896 tum
1984 2834 2208 2898 mediis
2272 2836 2333 2896 in

151 2971 520 3032 sermonibus
567 2987 683 3050 per
727 2969 964 3050 primas
1005 2983 1194 3028 xvm.
1236 2965 1489 3027 fabulas
1534 2965 1828 3047 modicis,
1878 2987 1989 3047 per
2036 2969 2335 3030 Trinum-

149 3118 291 3163 mum
349 3102 941 3182 'l'mculentumque
1008 3093 1279 3180 paucis,
1365 3097 1481 3159 sed
1549 3109 1619 3160 ut
1689 3118 1899 3161 vacua
1962 3103 2334 3185 plerumque

153 3239 333 3316 spatia
372 3240 597 3300 relicta
640 3237 782 3297 sint.
872 3233 978 3296 cf.
1020 3231 1099 3294 ad
1146 3233 1316 3294 Triu.
1362 3250 1426 3291 v.
1470 3231 1569 3292 45.
1615 3231 1740 3294 276
1786 3243 2106 3297 annotata.
2190 3236 2333 3297 De-

155 3367 318 3448 nique
360 3370 646 3433 ordinem
695 3368 1044 3430 fabularum
1095 3367 1298 3429 semel
1358 3386 1585 3429 moneo
1632 3384 1773 3429 cum
1819 3369 1877 3428 in
1925 3369 2050 3430 hoc
2094 3378 2224 3431 tum
2270 3372 2333 3434 in

152 3495 230 3558 eis
270 3519 424 3581 quos
480 3499 648 3561 infra
689 3498 870 3579 posui
920 3494 1243 3559 codicibus
1286 3494 1556 3556 eundem
1600 3513 1784 3575 quem
1830 3494 1890 3556 in
1936 3499 1998 3559 B
2041 3515 2208 3562 esse.
2253 3531 2333 3545 -·-

153 3629 287 3693 Mihi
346 3643 565 3697 autem
638 3650 778 3694 cum
849 3630 1287 3692 Vratislaviac
1369 3628 1632 3710 degenti
1697 3630 2020 3694 Decurtati
2081 3634 2327 3714 copiam

156 3758 473 3826 Christiani
516 3763 773 3825 Baehrii
828 3763 1095 3826 comitas
1152 3745 1456 3838 fecisset,
1516 3763 1640 3826 hac
1695 3764 2115 3846 oportunitate
2170 3783 2329 3827 usus

152 3890 441 3957 Ernestus
473 3895 920 3960 Schneiderus
964 3895 1353 3958 clarissimus
1398 3895 1650 3979 collega
1691 3907 1989 3961 accurato
2035 3900 2328 3979 exemplo

147 4010 351 4090 ‘Plauti
422 4030 882 4090 Truculentum
930 4048 967 4089 e
1023 4027 1250 4091 codice
1315 4029 1856 4111 Heidelbergensi
1930 4020 2327 4108 expressam'

150 4158 328 4221 edidit
382 4182 439 4224 a.
474 4140 1044 4227 Em
1115 4161 1169 4223 E:
1229 4180 1354 4242 quo
1419 4159 1563 4222 illud
1624 4176 1875 4239 quoque
1927 4176 2327 4242 cognoscere

151 4285 315 4373 licet,
366 4295 443 4358 in·
488 4295 609 4361 hac
663 4295 918 4377 fabula,
965 4304 1027 4358 et
1089 4299 1154 4357 in
1210 4294 1332 4356 hac
1391 4291 1642 4374 quidem
1688 4291 1862 4376 sola,
1921 4293 2065 4355 sive
2117 4296 2322 4375 ipsum
