2824 4890
515 363 766 428 cxhn

685 539 894 609 Fdres
956 544 1237 627 pultabo.
1324 542 1429 606 Ad
1485 540 1745 605 ndstras
1807 539 1989 603 aedis
2053 535 2159 603 hic
2218 539 2472 622 quidem
2534 540 2720 603 babet

1838 672 2080 736 rectam
2126 676 2292 738 uiam
2336 675 2475 741 —2

517 809 646 873 Vel
691 810 1137 874 accusativum
1176 828 1409 871 manue
1453 809 1848 890 pluralemve
1876 810 2332 872 nominativum
2359 811 2600 875 Bacch.
2631 830 2721 892 111,

514 943 584 1025 3,
626 944 730 1007 76.
778 945 960 1007 Milit.
1003 963 1076 1025 ιι,
1117 942 1182 1026 3,
1226 943 1347 1007 54:

678 1072 917 1140 Marsus
959 1076 1126 1139 ferat
1153 1076 1236 1139 ad
1281 1072 1573 1159 papillas,
1616 1095 1927 1159 nusquam
1953 1073 1995 1139 εί
2022 1075 2210 1141 labris
2238 1078 2416 1142 labra
2440 1076 2720 1145 auferat:

513 1209 699 1287 (sive
741 1217 1162 1291 transponere
1205 1209 1306 1270 sic
1349 1215 1671 1290 praestat:

681 1329 802 1402 'Ad
828 1335 1098 1422 papillas
1126 1337 1352 1403 maniis
1379 1341 1561 1417 ferat,
1592 1341 1764 1404 labra
1789 1337 1831 1403 a
1858 1341 2047 1405 labris
2072 1361 2384 1425 nusquam
2410 1341 2728 1414 alifer-att)

700 1466 867 1538 'nim
932 1472 1080 1533 mihi
1148 1468 1300 1533 stint
1363 1467 1590 1535 maniis
1647 1468 2041 1555 inquinatae.
2143 1472 2476 1552 Quidum?
2569 1476 2727 1555 Quia

1903 1603 2049 1668 1ud6
2094 1606 2226 1670 luto
2268 1607 2402 1673 —2

518 1752 585 1802 et
628 1740 848 1802 horum
894 1739 1095 1820 primo
1141 1756 1285 1800 cum
1333 1738 1753 1821 pinguissimo
1797 1741 2046 1823 quidem
2089 1741 2724 1824 proceleusmatico?

520 1874 681 1936 'l'am
742 1884 953 1935 autem
1016 1873 1171 1936 mira
1230 1880 1458 1936 natura
1515 1873 1641 1937 hoc
1695 1875 1900 1956 ipsum
1963 1876 2072 1955 (ut
2130 1876 2190 1938 in
2250 1895 2327 1939 eo
2372 1878 2725 1960 paullisper

525 1999 908 2073 subsistam)
966 2018 1252 2061 manue
1315 2018 1543 2060 nomen
1608 2000 1853 2081 fuisse,
1918 2009 1989 2063 ut
2047 2000 2323 2063 ultimam
2381 2001 2728 2083 syllabam,

525 2131 669 2211 sive
713 2149 854 2193 eam
898 2132 1159 2194 brevem
1202 2132 1345 2193 sive
1386 2131 1686 2214 longam,
1746 2133 1888 2194 sive
1946 2134 2324 2197 consonanti
2364 2134 2517 2197 sive
2569 2136 2728 2200 adeo

519 2263 729 2324 vocali
777 2264 1206 2341 terminatam,
1270 2281 1515 2343 susque
1575 2263 1782 2345 deque
1838 2263 2053 2327 habita
2104 2267 2351 2328 ratione
2410 2270 2730 2350 corripere

521 2399 801 2469 liceret?
846 2400 1095 2485 quando
1139 2408 1202 2464 et
1242 2418 1502 2463 manum
1549 2408 1909 2483 correptum
1947 2400 2150 2466 habes
2193 2401 2432 2467 Bacch.
2458 2421 2510 2486 1,
2548 2404 2727 2488 1‚5t

521 2537 758 2601 Pseud.
806 2557 906 2619 111,
945 2539 1009 2621 2,
1048 2538 1165 2601 ⁷1:
1258 2590 1262 2595 .

682 2663 948 2732 Manum
992 2669 1076 2732 da
1120 2677 1187 2732 et
1230 2686 1520 2748 sequere.
1609 2666 1713 2729 Ah
1759 2662 2050 2729 minume.
2137 2667 2304 2746 Quid
2348 2667 2482 2736 ita?
2531 2715 2550 2731 .
2599 2718 2617 2734 .
2656 2721 2672 2737 .
2712 2714 2729 2731 .

687 2794 948 2862 Maniim
994 2796 1054 2859 si
1098 2799 1418 2881 protollet,
1464 2797 1699 2881 pariter
1745 2795 2031 2881 proferto
2075 2818 2364 2864 manum:

527 2947 594 3000 et
636 2937 774 2999 sine
816 2935 1190 2999 consonanti
1239 2938 1582 3000 ablativum
1629 2938 1798 3000 Trio.
1840 2937 2000 3000 288:

681 3072 822 3137 'ribi
868 3075 957 3136 uti
1001 3092 1272 3139 caueas:
1322 3071 1488 3155 qudd
1532 3069 1723 3135 maufl
1784 3083 2103 3155 nequeunt
2149 3084 2164 3138 .'
2206 3118 2224 3134 .
2273 3118 2288 3135 .
2338 3119 2353 3137 .

510 3204 753 3287 Ecquis
799 3213 906 3267 est
950 3215 1161 3267 autem
1210 3221 1500 3286 quaeso,
1560 3223 1748 3284 quem
1801 3203 1963 3267 haec
2019 3221 2143 3265 non
2199 3203 2443 3267 illorum
2504 3207 2731 3268 statim

513 3337 1089 3401 commonefaciant
1135 3335 1215 3397 de
1259 3335 1491 3415 quibus
1533 3334 1594 3395 in
1636 3335 1873 3415 vulgus
1899 3386 1902 3387 γ
1928 3344 2215 3399 constatx
2276 3327 2536 3399 boiam
2589 3340 2736 3399 bo-

511 3490 696 3533 num
746 3473 1010 3532 malos
1069 3471 1268 3530 mali
1320 3470 1508 3529 bene
1562 3469 1774 3530 male
1826 3472 2127 3531 domum
2184 3472 2396 3531 domi
2449 3472 2738 3534 domo?

511 3609 695 3689 Quae
744 3609 885 3692 quis
934 3618 1059 3670 tam
1107 3624 1308 3686 pravo
1348 3603 1579 3666 iudicio
1621 3613 1721 3666 est
1762 3613 1829 3666 ut
1870 3604 2177 3685 correptis
2222 3605 2442 3686 potius
2487 3605 2742 3668 ultimis

508 3743 778 3825 syllabis
820 3759 1009 3824 quam
1054 3735 1514 3819 pronuntiando
1558 3736 1731 3799 elisis
1775 3738 1992 3817 primis
2036 3736 2207 3801 dieta
2249 3755 2403 3799 esse
2445 3750 2735 3801 conten-

506 3870 677 3939 dat?
759 3876 931 3935 Inter
977 3870 1079 3932 illa
1120 3877 1331 3930 autem
1375 3877 1444 3930 et
1483 3886 1760 3930 manus
1820 3876 1886 3929 et
1944 3871 2157 3929 enim
2216 3877 2285 3930 et
2341 3877 2620 3931 tamen
2669 3880 2746 3932 et

500 4028 763 4071 senem
805 4015 872 4068 et
912 4006 1206 4080 simul,
1256 4015 1322 4067 et
1360 4008 1422 4066 si
1466 4023 1633 4086 quae
1670 4004 1768 4067 his
1811 4013 1960 4066 suut
1991 4004 2232 4086 affinia,
2280 4003 2429 4086 quid
2464 4004 2743 4068 taudem

509 4139 891 4205 discriminis
936 4135 1267 4201 intercedit
1308 4138 1419 4197 vel
1461 4136 1605 4217 quid
1652 4137 1860 4217 potius
1904 4137 2392 4219 propinquitatis
2437 4156 2568 4199 non
2613 4140 2744 4200 in-

502 4270 825 4337 tercedit?
912 4269 1196 4349 Quorum
1244 4286 1476 4350 unum,
1539 4275 1841 4347 tamen,
1898 4269 2021 4332 etsi
2077 4267 2428 4350 scribendo>
2458 4287 2748 4352 quoque
