2824 4890
484 286 771 354 CLXVI

487 478 644 540 audi
681 481 913 538 invoca
954 477 1146 538 edoce
1192 477 1432 537 eduam·
1452 468 1858 535 habuerunt?
1905 471 2330 554 Designatum
2363 483 2473 535 est
2518 474 2686 534 dedi

494 617 563 672 ut
622 607 965 689 pyrrhichii
1031 626 1392 671 mensuram
1466 609 1739 673 habeus:
1808 627 1924 671 cur
1984 629 2110 671 non
2174 608 2349 671 brevi
2409 616 2437 671 ι’
2494 610 2690 672 vocali

482 742 733 803 reddam·
784 746 1005 803 ansani
1052 743 1193 822 feei
1244 740 1414 804 dicta
1468 739 1671 806 sunt?
1774 745 1926 805 Non
1984 743 2297 807 dubitatur
2353 743 2438 806 de
2498 749 2700 809 αοὶὅ

485 879 637 952 ayo
680 845 850 938 ere·-
905 896 1018 940 cur
1065 877 1403 940 nemodum
1478 886 1775 959 correpta
1813 876 1958 941 dica·
1998 876 2162 941 ducb'
2210 877 2416 958 coqitc‘i
2439 877 2696 961 postult?

484 1003 718 1071 eeuee‘e
762 1008 995 1071 amabo⁰
1026 1004 1337 1090 protulit?
1426 1010 1518 1074 Vt
1560 1031 1684 1073 uno
1728 1012 1930 1075 verbo
1972 1013 2217 1078 dicam:
2281 1016 2365 1078 iu
2425 1037 2474 1079 v
2503 1038 2695 1082 oca·

488 1143 657 1205 lem
727 1129 1190 1206 e'xeuntes
1250 1144 1739 1207 verborum
1805 1144 2163 1210 formas
2229 1149 2698 1212 iambicas

496 1272 815 1352 quaslibet
853 1275 1032 1336 vitae
1076 1272 1477 1335 consuetudo
1520 1291 1716 1353 passa
1761 1282 1862 1335 est
1904 1292 2002 1338 co
2029 1285 2335 1356 rrepta
2382 1279 2698 1341 ultima

489 1406 894 1489 pronuntiari.
994 1409 1211 1489 Atque
1271 1405 1396 1468 hoc
1450 1405 1600 1469 illud
1658 1414 1794 1488 est,
1858 1407 2026 1488 quod
2084 1426 2278 1489 supra
2335 1410 2701 1490 significavi

491 1539 974 1601 verborum
1021 1535 1480 1600 limitibus
1525 1534 1857 1598 finitum
1906 1555 1946 1598 a
1988 1537 2522 1600 nominibus
2569 1559 2701 1603 ex·

492 1670 792 1734 cludi=
842 1671 964 1732 uisi
1016 1668 1182 1751 quod
1225 1670 1431 1731 solum
1476 1688 1562 1731 ex
1610 1669 1899 1731 omnibus
1946 1670 2200 1731 casibus
2245 1673 2702 1736 nominativu-

497 1804 722 1866 tertiae
775 1801 1221 1864 declinationis
1274 1801 1336 1862 in
1389 1821 1427 1862 o
1480 1800 1873 1863 desinentem
1925 1801 1991 1862 in
2035 1801 2278 1864 illorum
2324 1804 2701 1867 societatem

492 1934 766 1998 ascitum
816 1952 970 1997 esse
1008 1934 1252 1997 homo
1311 1954 1444 1998 vox
1487 1933 1789 2016 ostendit,
1833 1935 2217 2015 saepissime
2259 1945 2571 2015 correpta
2616 1936 2705 1998 ul·

491 2068 644 2132 tima
672 2068 897 2148 posita.
941 2069 1184 2131 Verum
1219 2088 1535 2152 nunquam
1568 2068 1909 2149 pyrrhichii
1959 2087 2322 2130 mensuram
2368 2066 2483 2128 vel
2531 2086 2707 2129 neno

494 2221 736 2276 sermo,
798 2200 906 2263 vel
967 2202 1105 2262 loeo
1150 2209 1321 2264 metu
1358 2202 1546 2279 probi
1597 2210 1666 2288 pt
1707 2200 1937 2262 similia
1981 2208 2288 2278 aequanti
2334 2217 2488 2260 nam
2541 2198 2706 2282 quod
2777 2213 2778 2230 ¹

501 2333 743 2398 Bacch.
787 2350 861 2413 v,
906 2334 974 2413 2,
1018 2332 1104 2394 47
1149 2330 1479 2413 legebatur
1509 2323 1514 2330 ⁵
1530 2322 1761 2409 probri'
1796 2330 2236 2409 pe'rleoebrae,
2304 2339 2456 2411 post
2521 2352 2709 2413 prae-

492 2474 733 2536 claram
779 2470 1129 2535 Her-manui
1177 2468 1687 2532 emendationem
1732 2488 1855 2530 non
1899 2470 2253 2550 plus‚valet
2277 2489 2466 2552 quam
2503 2489 2711 2553 pauca

499 2606 810 2687 quaedam
857 2606 965 2667 vel
1010 2605 1315 2687 ambigua
1370 2605 1479 2665 vel
1539 2604 1771 2665 vitiosa
1825 2601 1988 2678 alia,
2045 2621 2083 2663 e
2129 2619 2392 2682 quorum
2438 2619 2712 2664 numere

499 2738 625 2799 iam
656 2754 852 2816 supra
884 2734 1238 2796 exemimus
1275 2738 1372 2796 eri
1406 2737 1570 2795 meri
1609 2736 1761 2793 cani
1802 2749 1928 2793 nna
1975 2750 2120 2793 eum
2158 2737 2301 2792 certe·
2337 2735 2519 2793 domi
2561 2736 2712 2795 bom

496 2868 706 2941 mala,
756 2868 903 2928 item
950 2886 1114 2927 nouo
1157 2868 1339 2928 breui
1343 2911 1365 2941 ‚
1417 2865 1564 2928 hinc
1604 2863 1991 2926 alienissima
2035 2863 2278 2942 omnia,
2325 2864 2641 2944 quamvis
2673 2880 2712 2922 a

496 2998 872 3081 quibusdam
917 3008 1160 3059 temere
1207 2998 1510 3079 permista
1554 3007 1746 3078 atque
1791 2997 2078 3061 confusa.
2164 2997 2384 3078 Ergo,
2444 2997 2609 3061 illuc
2649 3005 2713 3059 ut

496 3129 793 3212 redeam,
852 3149 976 3191 non
1034 3149 1118 3193 ex
1163 3128 1519 3213 imperativi
1574 3128 1975 3208 potissimum
2021 3131 2249 3187 natura
2291 3122 2715 3203 repetendum
2781 3174 2782 3203 ζ

494 3270 596 3326 est
636 3261 799 3345 qnod
845 3262 1163 3343 corripere
1208 3262 1355 3322 uide
1392 3260 1544 3323 uate
1586 3265 1654 3320 et
1695 3266 1914 3321 cetera
1958 3257 2170 3339 licuit,
2227 3255 2343 3318 sed
2390 3276 2429 3318 e
2472 3274 2712 3337 proso·

494 3395 679 3459 diaca
721 3404 946 3458 natura
992 3350 1343 3474 temporum
1408 3392 1509 3452 vel
1568 3388 1894 3451 modorum
1939 3388 2382 3470 quorumlibet.
2467 3390 2578 3451 Ac
2629 3405 2711 3450 ne

503 3527 768 3607 saepius
814 3526 1065 3609 quidem
1112 3544 1300 3608 quam
1350 3525 1625 3607 reliquas
1671 3526 1910 3587 formas
1952 3526 2133 3588 verbi
2176 3526 2353 3605 ipsos
2384 3542 2546 3591 esse
2588 3522 2713 3583 im-

503 3662 830 3740 perativos
878 3668 1211 3741 correptos
1257 3659 1399 3721 hinc
1443 3657 1831 3739 intelligitur,
1877 3655 2045 3738 quod
2079 3664 2189 3719 aut
2220 3655 2414 3717 latius
2447 3666 2716 3716 autnon
2782 3666 2784 3691 ⁴

502 3789 704 3851 minus
761 3789 888 3850 late
950 3791 1194 3870 primae
1246 3807 1561 3869 personae
1616 3789 1931 3870 correptio
1974 3796 2153 3868 patet
2196 3789 2564 3868 praesentis
2606 3786 2719 3847 fu-

493 3921 743 4003 turique
808 3920 1176 3983 communis.
1291 3921 1526 4001 Neque
1589 3920 1753 3980 enim
1823 3918 2234 3984 dubitandum
2303 3918 2453 4000 quin
2523 3918 2720 3981 huius
2779 3956 2784 3991 i

492 4054 736 4118 formae
782 4056 955 4119 iusta
1002 4073 1083 4119 ac
1126 4056 1448 4136 primitiva
1500 4054 1805 4137 prosodia
1852 4057 2018 4119 haec
2070 4060 2155 4120 sit
2202 4067 2272 4119 ut
2316 4057 2718 4140 producatur

495 4207 566 4259 o,
632 4198 703 4250 ut
746 4190 913 4251 Trin.
959 4191 1087 4253 696
1141 4188 1351 4270 ne'qae
1406 4191 1552 4252 uolo
1612 4210 1816 4272 neque
1864 4190 2120 4270 po'elulo
2177 4211 2380 4273 neque
2439 4193 2720 4266 censeo,

2779 3328 2782 3397 l

2779 3562 2782 3597 l

2781 3694 2784 3795 l

2781 3890 2784 3935 l
