2824 4890
1914 375 2306 439 Lxxxvn

304 538 509 626 ‘thm
555 550 740 613 facile
790 565 853 615 et
897 572 1084 635 quam
1131 555 1450 621 fortunate
1494 557 1578 622 illi
1620 564 1850 634 euenit,
1898 562 2193 641 obsecro,

300 678 535 747 Mulieri
577 704 760 767 quam
806 683 1076 751 liberare
1126 689 1259 754 udlt
1300 705 1576 756 amator:
1619 654 1906 778 quisnam
1950 701 2007 758 is
2047 685 2212 759 est‘?

300 804 503 900 'lnquit
544 822 745 883 altera
788 818 890 882 illi.
933 822 1016 884 ibi
1056 825 1155 886 illa
1200 824 1483 891 adminat
1524 828 2061 913 Stratbippoclem

292 950 651 1033 Periphanai
683 951 901 1018 filium.
931 989 1011 1003 -—
1054 959 1294 1023 Hercle
1320 962 1507 1043 perii:
1552 965 1703 1046 quid
1737 984 1860 1048 ego
1895 984 1976 1027 ex
2003 974 2068 1026 te
2099 961 2306 1026 audio.

154 1085 255 1146 Vbi
294 1090 920 1173 similiter—„prumam
964 1099 1271 1178 scriptum
1317 1100 1376 1160 in
1425 1100 1505 1161 A.
1563 1134 1645 1147 --
1733 1101 1834 1162 Ad
1894 1101 2116 1164 eadem
2166 1120 2307 1163 ma-

150 1220 353 1282 sculina
394 1224 642 1285 nomina
682 1234 940 1305 spectat
983 1225 1153 1308 quod
1199 1247 1260 1287 v.
1281 1229 1408 1290 928
1453 1249 1574 1292 non
1606 1228 1885 1292 dubitavi
1912 1234 2311 1295 Rhadamam

151 1358 551 1418 accusativum
598 1357 904 1438 probare:
961 1378 1151 1441 quam
1212 1361 1478 1423 formam
1525 1373 1588 1425 ct
1647 1366 1848 1444 ratio,
1907 1382 2076 1445 quae
2131 1368 2191 1427 in
2231 1382 2309 1427 eo

148 1504 349 1568 genere
385 1490 691 1553 universo
731 1502 991 1574 regnat,
1034 1502 1248 1555 tuetur
1294 1502 1360 1555 et
1401 1494 1520 1556 nisi
1568 1495 1749 1558 l'allor
1778 1495 2055 1558 Charisii
2085 1506 2313 1558 aucton-

146 1621 273 1683 ritss
327 1622 548 1688 firmat.
639 1625 806 1687 Nam
867 1643 1009 1687 cum
1070 1627 1354 1688 Calchas
1408 1628 1761 1709 genitivum
1820 1629 2312 1709 Plautinumque

144 1756 448 1820 ablativum
492 1760 744 1824 Calcha
786 1768 850 1820 et
896 1760 1132 1822 similia
1176 1777 1316 1821 cum
1366 1761 1468 1821 illo
1514 1760 1888 1822 Priscianus
1933 1777 2029 1838 v1‚
2072 1780 2129 1840 p.
2176 1759 2306 1822 702

141 1898 194 1950 et
245 1891 480 1953 Probus
544 1890 838 1955 Putscbii
899 1910 960 1971 p.
1006 1891 1167 1953 1467
1225 1899 1578 1972 testentur,
1641 1890 1789 1973 quid
1845 1891 2099 1986 tandem
2160 1911 2312 1954 esso

140 2019 392 2085 dicamus
420 2022 591 2105 quod
638 2020 1188 2104 hii-'dissimillima
1246 2023 1470 2105 forma,
1518 2032 1581 2085 et
1624 2041 1790 2104 quae
1837 2026 2079 2086 veteris
2123 2034 2313 2107 atque

140 2153 409 2236 entiquae
475 2155 806 2217 latinitatis
877 2157 1155 2236 speciem
1225 2155 1646 2218 domesticam
1713 2156 1965 2217 minime
2036 2156 2266 2218 habeat
2291 2200 2310 2236 ,

137 2285 391 2350 Calchan
433 2291 750 2351 miscetur
795 2287 1066 2350 Charisii
1107 2288 1144 2347 l.
1192 2290 1246 2368 1,
1291 2287 1464 2369 p.50
1509 2287 1610 2349 his
1655 2288 1905 2351 verbis:
1951 2277 2312 2349 ‘Inueniun-

137 2429 217 2483 tur
252 2433 450 2487 tamen
492 2422 816 2506 quaedam
862 2422 1198 2504 peregriua
1240 2439 1406 2504 quac
1437 2438 1576 2483 cum
1608 2420 1992 2485 incremento
2020 2423 2314 2504 syllabae

136 2551 529 2638 declinantur,
596 2564 669 2616 ut
714 2554 995 2617 Calchas
1046 2556 1263 2616 Pallas
1309 2556 1495 2617 Atlas
1541 2553 1786 2638 Gigas:
1850 2556 2092 2618 faciunt
2149 2557 2314 2616 enim

137 2684 483 2752 Calchantis
542 2689 863 2752 Pallantis
918 2688 1265 2769 [Atlantis]
1326 2687 1657 2772 Gigantist
1720 2690 2012 2772 quamuis
2076 2690 2316 2772 antiqui

136 2829 193 2880 ut
227 2822 539 2887 Pacuuius
593 2833 659 2885 et
705 2822 970 2885 Plautus
1016 2784 1307 2886 Calchan
1362 2823 1616 2904 dicant,
1681 2841 1803 2885 non
1857 2810 2313 2884 Calchantem‘.

138 2949 341 3034 Apage
382 2954 877 3016 declinationem
925 2971 964 3014 a
1008 2952 1355 3014 Pacuviani
1400 2952 1804 3033 Plautinique
1847 2954 2163 3013 sermonis
2210 2955 2314 3012 in-

138 3077 261 3142 dole
298 3103 418 3146 non
466 3085 684 3146 minus
727 3101 911 3164 quam
953 3082 1336 3164 graecanica
1372 3083 1792 3160 Pythagoran
1835 3080 2107 3142 Aenean
2151 3080 2312 3142 alie-

135 3232 278 3297 um,
321 3220 647 3301 uniusque
692 3217 959 3279 lineolae
988 3217 1369 3278 accessione
1412 3214 1805 3277 confidenter
1847 3234 2087 3295 repone
2132 3213 2315 3275 Cal-

132 3351 336 3419 ehnm.
393 3388 475 3403 --
565 3354 856 3434 Denique
894 3354 1272 3413 vocativum
1319 3351 1532 3411 talium
1578 3350 1937 3428 nominum,
1985 3347 2175 3428 quale
2217 3355 2318 3405 est

135 3483 524 3566 charmides,
598 3489 831 3570 negavi
893 3487 974 3548 ad
1036 3504 1100 3548 v.
1146 3487 1272 3548 617
1333 3489 1390 3548 in
1448 3507 1482 3546 e
1536 3489 1717 3547 exire
1775 3482 1940 3564 apud
1996 3482 2318 3546 Plautum.

135 3619 321 3684 Cuius
385 3625 752 3686 sententiae
821 3640 1122 3684 caussam
1199 3621 1404 3684 habeo
1461 3618 2071 3721 locupletissimam,
2144 3614 2318 3698 quod

133 3766 409 3845 exempla
449 3783 576 3826 non
624 3772 882 3825 exstant
922 3761 1083 3824 illins
1126 3761 1591 3842 declinationis,
1638 3758 1751 3822 sed
1798 3757 2315 3821 constantissimo

133 3906 365 3972 praeter
405 3915 641 3958 unum
689 3893 855 3953 illum
904 3911 1160 3953 versum
1224 3909 1343 3952 usn
1391 3893 1772 3954 Charmides
1821 3889 2125 3953 Callicles
2165 3885 2317 3946 Me-

128 4033 455 4102 garonides
497 4028 823 4107 Lysiteles
862 4026 1278 4088 Philolaches
1320 4023 1674 4102 Apoecides
1701 4024 2036 4084 Pleas-ides
2057 4020 2316 4082 Strato-

130 4163 364 4236 phanes
403 4123 916 4240 Strathippocles
961 4163 1137 4234 (nam
1176 4156 1787 4237 interaspirationem
1833 4153 1894 4214 A
1938 4151 2317 4233 expressit),

132 4308 189 4359 et
230 4301 281 4362 si
326 4320 499 4383 qnae
537 4310 680 4362 sunt
729 4297 976 4372 similia,
1018 4296 1204 4358 etiam
1252 4312 1367 4374 pro
1411 4291 1734 4354 vocativis
1760 4301 1927 4354 suut.
2013 4290 2320 4373 oppones
