2824 4890
2062 435 2069 444 ,
2140 373 2352 437 CCH!

139 553 198 613 in
249 551 475 614 thesi
523 558 844 632 putantur.
932 552 986 614 E}
1032 553 1264 633 quibus
1307 553 1517 615 minus
1560 551 1966 616 dubitationis
2004 569 2196 642 *quam
2246 571 2356 617 re-

139 688 289 770 liqui
332 686 421 748 illi
463 683 722 769 habent,
781 704 925 748 cnm
981 688 1441 768 anapaesticae
1495 690 1825 751 anacrnsis
1881 689 2052 768 prior
2107 691 2354 770 syllaba

137 817 583 900 monosyllaba
649 839 815 883 voce
880 829 1135 883 constat
1196 823 1256 882 in
1322 822 1579 902 longam
1649 823 1943 883 vocalem
2010 819 2350 898 desinenti,

133 967 301 1030 quae
344 956 497 1009 ante
536 948 974 1028 insequentem
1021 951 1349 1028 vocalem,
1412 948 1534 1011 sed
1588 950 1650 1011 in
1701 952 1861 1030 ipsis
1924 952 2352 1030 anapaesticis

136 1082 460 1161 versibus,
507 1082 901 1161 corripiatur.
988 1081 1487 1145 Assentiendum
1535 1086 1698 1144 enim
1747 1085 2114 1145 Hermanno
2159 1084 2349 1145 vide-

145 1227 244 1280 tur
291 1217 461 1280 tales
504 1216 937 1297 correptiones
959 1215 1103 1278 ‘cum
1146 1215 1318 1278 hiatu
1352 1216 1729 1279 coniunctas
1755 1216 2123 1280 defendenti
2152 1218 2354 1282 Stich.

143 1366 220 1427 n,
271 1349 331 1429 1,
375 1346 482 1408 50.
525 1346 674 1411 Aul.
721 1364 821 1429 w,
863 1350 929 1428 9,
971 1346 1032 1408 3.
1074 1347 1133 1409 5.
1183 1348 1410 1410 Bacch.
1460 1347 1640 1412 1126.
1692 1350 1894 1412 1154:

311 1480 485 1558 Quid
530 1477 703 1541 istuc
745 1479 894 1544 est?
939 1481 1121 1558 Quas
1186 1475 1257 1542 Ιῦ
1297 1480 1454 1543 edes
1500 1477 1847 1543 coinbras‘3
1927 1525 2358 1544 .....

656 1657 674 1674 .
763 1611 1054 1694 equidem
1103 1610 1227 1693 qub‘
1259 1631 1398 1674 eam
1448 1621 1556 1674 aut
1601 1613 1705 1673 nbi
1749 1615 1867 1675 sim
1910 1610 2022 1677 aut
2062 1621 2170 1696 qui
2212 1617 2353 1679 sim

333 1786 1078 1805 ........
1165 1740 1620 1806 demonstretis
1660 1740 1784 1823 qui‘
1816 1761 1957 1807 eam
2001 1742 2348 1808 abstulerit.

333 1917 1277 1940 ..........
1324 1872 1400 1937 εἴ
1437 1873 1672 1957 amant,
1720 1877 2041 1958 sapienter
2087 1876 2349 1941 faciunt.

330 2054 1165 2073 .........
1251 2011 1329 2072 Ιέ
1372 2010 1599 2074 amabo
1658 2019 1854 2093 atque
1910 2011 2348 2092 amplexabor.

133 2145 269 2210 Sed
317 2145 514 2208 etiam
558 2147 616 2207 in
650 2147 991 2209 trochaicis
1025 2147 1443 2227 iambicisque
1473 2146 1770 2207 versibus
1803 2147 2068 2206 aiteram
2094 2146 2346 2206 solutae

134 2281 309 2341 assis
351 2278 668 2358 syllabam
716 2280 813 2341 sic
856 2297 1004 2339 esse
1053 2298 1190 2340 cnm
1233 2279 1405 2339 hiatu
1452 2288 1806 2358 correptam
1855 2246 2127 2339 nondum
2172 2279 2345 2358 potui

57 2470 70 2485 ,
136 2411 292 2476 mihi
337 2411 758 2494 persuaderet
800 2431 921 2474 non
969 2410 1029 2473 id
1074 2412 1258 2473 aliam
1306 2410 1385 2472 ob
1430 2428 1751 2490 caussam,
1795 2427 1980 2489 quam
2027 2409 2197 2491 qnod
2241 2418 2349 2471 ta·-

134 2548 286 2610 lium
333 2543 765 2626 exemplorum
809 2547 1003 2607 nimia
1047 2546 1111 2606 in
1154 2545 1403 2606 circiter
1465 2544 1681 2624 viginti
1742 2542 1991 2604 milibus
2047 2559 2344 2604 versuum

131 2679 432 2762 paucitas
476 2689 598 2740 est
685 2668 910 2757 Itaque
958 2676 1374 2738 vehementer
1417 2675 1633 2738 dubito
1674 2695 1821 2737 num
1865 2668 2007 2738 (1άᾶ
2043 2695 2243 2737 unum
2286 2685 2353 2738 et

130 2810 256 2872 ιάᾶ
303 2811 574 2889 infamia
615 2813 781 2871 satis
827 2807 970 2871 fidei
1014 2809 1291 2870 habeant
1335 2808 1565 2871 Bacch.
1611 2827 1653 2885 1,
1685 2810 1747 2884 2,
1792 2809 1866 2869 17
1906 2817 1970 2869 et
2009 2827 2106 2884 111,
2147 2808 2206 2889 1,
2249 2810 2349 2890 14,

132 2942 249 3024 qui
299 2959 530 3003 versus
575 2944 797 3002 nescio
839 2960 921 3002 an
963 2941 1059 3002 sic
1100 2960 1227 3002 non
1272 2938 1671 3001 incommode
1711 2939 2112 3002 scribantur:

307 3065 490 3137 Dfiae
535 3095 631 3135 me
675 3093 866 3136 unum
913 3070 1212 3155 expetitis
1255 3072 1646 3153 palumbem:
1710 3073 1840 3132 ia'm
1901 3070 2146 3134 arundo
2205 3073 2343 3133 alas

1452 3214 1457 3219 ’
1518 3204 1857 3266 uerberat:

313 3302 572 3402 'raam
613 3336 869 3400 insamia
909 3337 1118 3403 fecisti
1158 3334 1601 3418 geruiifigulos
1640 3335 1876 3416 flagiti:

127 3492 285 3536 nam
335 3472 395 3532 in
440 3471 649 3551 priore
685 3474 853 3547 perii
890 3477 1103 3549 potest
1145 3469 1505 3545 interpretis
1565 3484 1713 3525 csse
1767 3464 2167 3544 proverbium
2222 3484 2349 3528 cx·-

127 3604 459 3687 plicantiS.
545 3601 694 3662 Non
739 3599 1057 3662 difficilius
1103 3609 1203 3662 est
1248 3599 1486 3660 inserto
1529 3619 1640 3677 eqo
1684 3600 1886 3659 Merc.
1928 3616 1998 3679 v,
2039 3600 2103 3677 2,
2137 3600 2178 3660 4
2222 3601 2349 3662 tol-

134 3746 281 3806 lere
329 3736 505 3800 ‹1de
547 3746 725 3801 erat:

314 3885 504 3949 Domi
551 3898 689 3948 erat
731 3885 899 3967 quod
948 3905 1076 3968 ego
1120 3885 1591 3967 quaeritabamt
1643 3884 1764 3947 sex
1808 3885 2047 3948 sodalis
2082 3884 2349 3965 repperi.

128 4041 530 4121 Quanquam
578 4036 659 4099 de
703 4038 824 4101 hoc
866 4040 1250 4120 singularem
1299 4039 1375 4098 ob
1419 4055 1720 4096 caussam
1769 4033 2020 4094 cantius
2063 4030 2350 4092 iudican-

124 4175 287 4238 dum
333 4181 455 4235 es.
541 4172 711 4231 Nam
758 4188 900 4231 cnm
947 4169 1170 4231 eadem
1215 4168 1403 4246 ratio,
1450 4184 1572 4245 qua
1603 4168 2005 4225 continentur
2030 4159 2135 4224 me'
2154 4162 2352 4225 habes

128 4318 202 4369 et
247 4304 406 4368 πάνυ
452 4305 669 4374 habes,
721 4305 879 4364 inter
921 4301 1104 4366 do'mi'
1137 4311 1236 4364 est
1278 4310 1342 4364 et
1385 4297 1641 4363 do'mam
1685 4308 1788 4363 est
1823 4299 2199 4379 intercedat,
2246 4310 2353 4362 ta-
