2824 4890
1991 382 2210 450 cxm
2216 389 2279 452 11

138 568 181 626 in
216 568 674 649 monosyllabum
720 576 847 629 tam
892 567 1156 630 formam
1204 571 1453 632 transiit
1476 575 1545 646 ⁴*)
1574 615 1590 647 ,
1652 570 1713 632 id
1772 571 1943 654 quod
1999 591 2121 635 uon
2169 574 2277 637 fa-

135 711 268 763 ctum
308 700 493 764 est'iu
535 705 817 784 reliquis,
866 703 1164 786 idemque
1211 705 1390 768 unius
1437 706 1733 789 syllabae
1776 727 2141 772 mensuram
2174 720 2280 774 sat

130 854 290 919 saepe
329 851 567 922 aequat,
616 850 682 906 ut
725 842 897 904 Trin.
944 840 1113 906 260:

149 1125 196 1188 *)
226 1122 509 1189 Quanquam
547 1125 599 1174 in
637 1123 896 1174 Plautinis
944 1122 1102 1172 libris
1133 1158 1149 1187 ‚
1202 1124 1342 1186 quod
1395 1125 1595 1186 sciam,
1649 1129 1865 1186 praeter
1914 1128 2271 1190 compositum

227 1228 495 1279 tametsi
540 1229 767 1279 verbum
820 1228 974 1278 nulla
1007 1228 1154 1277 illius
1192 1229 1403 1279 formae
1438 1229 1683 1290 exempla
1713 1235 2024 1292 supersunt.
2091 1232 2273 1282 Multo

228 1334 383 1377 antem
417 1329 589 1378 minus
627 1329 821 1378 Plauto
857 1328 1198 1378 tribuendum
1236 1330 1433 1378 tame
1469 1335 1607 1394 erat,
1644 1343 1710 1379 ex
1745 1329 1937 1380 ultimo
1972 1330 2268 1394 antiquita-

227 1430 284 1477 tis
316 1443 518 1481 recessu
566 1431 787 1493 petitum
856 1431 1127 1493 Saliisque
1178 1434 1237 1480 et
1292 1430 1584 1479 Arvalibus
1634 1441 1744 1477 una
1778 1443 1898 1478 cnm
1936 1442 2136 1479 cume
2169 1442 2267 1479 re-

225 1529 561 1594 linquendum.
637 1531 969 1595 Omninoque
1005 1532 1133 1582 nihil
1169 1531 1346 1594 magis
1382 1533 1681 1580 cavendum
1719 1538 1803 1581 est
1840 1544 1996 1593 qnam
2024 1543 2092 1580 ne
2110 1542 2279 1581 casca

227 1634 470 1682 voeabula
515 1635 793 1685 formasve
842 1634 1230 1684 vocabulorum
1267 1635 1320 1684 in
1359 1635 1605 1683 Plautum
1655 1621 1900 1694 cupidius
1949 1634 2186 1698 inferas,
2241 1645 2277 1683 a

227 1734 387 1794 quibus
419 1735 570 1785 illius
606 1734 725 1783 sive
758 1738 915 1784 aetas
947 1734 1070 1784 sive
1110 1748 1204 1784 ars
1253 1741 1309 1785 et
1356 1748 1488 1784 usus
1527 1735 1892 1785 abhorruerit.
1963 1734 2007 1783 E
2046 1747 2274 1797 quorum

222 1845 417 1884 numero
453 1835 615 1884 velut
652 1834 988 1898 quamde,
1041 1834 1215 1884 indu
1267 1833 1447 1897 (cuius
1497 1835 1547 1884 in
1597 1848 1704 1884 uno
1753 1834 2069 1887 indaudire
2104 1839 2273 1890 verbo

226 1936 480 1998 vestigium
507 1935 786 1986 relictum:
836 1948 958 1984 nam
997 1934 1364 1986 diversissima
1398 1938 1439 1986 cl
1475 1938 1658 1987 littera
1689 1938 1911 2000 prodeo
1947 1942 2001 1987 et
2035 1937 2272 1990 antideo

222 2041 267 2082 et
299 2034 503 2085 antidit
535 2041 598 2086 et
634 2036 910 2085 antidhae
958 2040 1012 2086 et
1047 2037 1284 2089 antidea
1330 2045 1384 2089 et
1419 2041 1686 2103 postidea
1736 2026 1996 2106 utuntur)
2050 2021 2104 2092 et
2148 2057 2275 2106 per-

218 2147 376 2195 peram
411 2138 655 2198 aRelzio'
684 2138 951 2189 invectum
989 2141 1244 2191 aliuta
1278 2146 1430 2206 sunt,
1470 2143 1556 2191 vel
1595 2143 1854 2206 topper
1888 2150 1939 2194 et
1973 2144 2269 2208 antige-

218 2235 277 2284 ri
296 2252 343 2300 o,
376 2241 460 2289 vel
497 2242 745 2290 molas
780 2243 1055 2306 genitivus
1076 2251 1127 2294 et
1161 2245 1504 2294 'temonem
1541 2245 1745 2295 forma:
1781 2227 2005 2309 quorum
2029 2247 2118 2297 ille
2146 2248 2271 2298 ninii

219 2355 420 2406 nuquam
455 2347 687 2396 admisit.
758 2351 837 2397 Ac
874 2353 1022 2398 recte
1059 2348 1161 2398 hoc
1196 2361 1370 2411 genus
1408 2348 1714 2398 universum
1737 2349 2089 2412 Ladewigins
2125 2347 2266 2398 iudi-

215 2444 343 2493 cavit
376 2445 424 2495 in
461 2445 886 2496 Zimmermanni
925 2449 1111 2497 Diurn.
1149 2448 1347 2509 antiqu.
1385 2460 1437 2496 a.
1461 2448 1624 2496 1842.
1662 2448 2040 2511 p.1oevsqq.‚
2077 2445 2267 2496 merita

217 2545 481 2595 severitate
503 2546 681 2596 Bothii
702 2545 753 2595 ln
782 2546 883 2596 ilio
919 2546 1383 2608 intemperantiam
1422 2553 1479 2598 et
1514 2548 1610 2596 vix
1647 2545 1929 2596 eredibilia
1964 2548 2271 2598 commenta

217 2649 489 2712 castigans.
561 2650 772 2715 Quodsi
809 2652 1066 2712 quaedam
1099 2650 1346 2700 solitaria
1399 2652 1614 2699 exstant
1649 2647 2075 2697 testimoniorum
2111 2645 2268 2695 fldem

216 2748 460 2813 habentia,
498 2757 558 2801 ut
591 2752 758 2800 semel
796 2750 1025 2813 positum
1063 2764 1361 2800 noenum
1398 2763 1497 2812 pro
1532 2764 1665 2813 non,
1701 2749 1866 2798 semel
1903 2749 2270 2813 sirempse,

215 2848 259 2898 in
288 2852 361 2901 liis
396 2854 837 2916 subsistendum,
886 2865 988 2902 nec
1038 2852 1115 2902 eis
1163 2853 1486 2902 abutendum
1536 2852 1807 2902 licentius.
1877 2852 2048 2918 Quam
2086 2858 2267 2903 autem

215 2955 380 3020 multa,
415 2971 559 3020 quae
593 2958 775 3019 prisca
809 2956 911 3006 sibi
946 2956 1189 3006 latinitas
1227 2956 1486 3020 vindicat,
1522 2955 1624 3006 iam
1660 2956 1911 3006 Plautina
1944 2960 2122 3005 aetate
2158 2965 2269 3005 non

212 3059 461 3115 potuerint
494 3072 611 3110 non
649 3060 900 3109 obsoleta
934 3072 1088 3119 esse,
1142 3058 1372 3121 intelligi
1419 3057 1509 3107 vel
1555 3058 1655 3106 hoe
1699 3062 2021 3121 argumento
2068 3058 2267 3118 potest,

212 3160 335 3217 quod
378 3158 769 3210 multitudinem
820 3159 1191 3210 Plautinarum
1238 3160 1533 3209 formarum
1582 3157 1698 3223 ipsa
1743 3159 2070 3208 Terentiana
2113 3161 2270 3205 aetas

210 3264 519 3328 repudiavit,
563 3263 657 3311 vix
697 3262 889 3325 viginti
925 3274 1189 3311 annorum
1226 3260 1522 3310 intervallo
1557 3273 1591 3309 a
1626 3268 1794 3308 morte
1831 3258 2009 3307 Plauti
2047 3259 2268 3305 distans.

218 3361 363 3413 Velut
386 3378 480 3415 nec
505 3366 642 3416 med
664 3366 757 3415 led
773 3366 978 3414 formas
1004 3377 1101 3413 nee
1122 3363 1439 3412 distractum
1462 3359 1650 3410 wanlai·
1666 3357 1964 3421 genitivum
1981 3353 2271 3405 Terentius

218 3469 373 3531 novit,
409 3482 511 3519 nec
551 3466 660 3517 alia
696 3481 830 3531 quae
867 3479 1009 3517 nunc
1044 3464 1294 3528 persequi
1318 3464 1547 3525 longum
1585 3467 1686 3524 est,
1723 3473 1777 3509 e.
1806 3472 1852 3508 c.
1888 3456 2133 3508 simitu
2168 3468 2267 3520 pro

210 3565 371 3618 simul
415 3571 653 3630 dictum,
700 3582 805 3631 quo
857 3565 1037 3616 decies
1086 3565 1309 3613 Plautus
1359 3573 1522 3613 usus:
1578 3565 1703 3609 octo
1755 3559 1890 3607 enim
1939 3559 2196 3621 exelnplis
2233 3571 2269 3609 a

212 3667 572 3730 Kampmanno
608 3670 924 3731 compositis
961 3671 1066 3719 duo
1107 3681 1295 3718 versus
1332 3670 1598 3718 accedunt
1633 3669 1796 3715 Most.
1835 3679 1927 3728 m,
1963 3665 2028 3729 2,
2068 3662 2177 3714 104
2212 3666 2270 3712 et

205 3769 361 3820 Stich.
395 3785 456 3835 n,
492 3772 550 3831 2,
586 3772 678 3831 66,
713 3770 794 3820 sic
831 3770 913 3820 illi
950 3771 1309 3821 Ambrosiano
1347 3773 1480 3819 duce
1516 3770 1917 3820 conformandi:

467 3876 590 3938 Ego
626 3871 712 3923 hic
746 3885 871 3922 esse
908 3879 963 3922 et
999 3870 1083 3921 illi
1116 3870 1294 3922 simitu
1332 3873 1436 3922 hau
1474 3869 1658 3933 potiul.

455 3975 638 4027 'Immo
676 3978 889 4029 uenisse
924 3968 1040 4028 eum
1075 3978 1254 4027 simitu
1292 3973 1512 4027 aiebant
1547 3975 1655 4024 illi:
1691 3987 1795 4037 ego
1831 3970 1934 4022 luio
1971 3972 2131 4021 citus.

205 4093 411 4160 Quanto
450 4103 632 4148 autem
668 4098 861 4148 aetatis
898 4100 1191 4150 intervallo
1227 4113 1262 4149 a
1295 4098 1578 4158 ¹ferentio,
1624 4100 1778 4146 tanto
1814 4094 1901 4143 vel
1935 4090 2097 4141 simili
2131 4089 2266 4140 artis

203 4198 488 4252 intervallo
527 4204 750 4255 Plautus
796 4206 863 4254 ab
914 4205 1127 4268 aequali
1161 4203 1296 4265 epici
1334 4201 1555 4265 generis
1592 4202 1752 4262 poeta
1786 4195 1960 4245 Ennio
1997 4194 2266 4244 discretus

204 4302 308 4353 est:
347 4306 403 4351 et
435 4302 576 4352 artis
611 4308 667 4354 et
690 4304 890 4355 aetatis
911 4302 1238 4367 annuntio,
1273 4300 1429 4352 cuius
1463 4311 1645 4350 sermo
1683 4310 1790 4349 non
1827 4301 1910 4347 est
1944 4292 2062 4346 ullo
2097 4295 2259 4346 modo
