2824 4890
508 360 725 428 chvl

510 550 602 614 lta
644 567 683 611 e
718 554 904 628 pater
943 544 1231 609 similiter
1272 543 1515 607 facturn
1566 547 1717 604 esse
1751 538 1906 620 ρὲνσ
1947 536 2171 601 dicunt
2190 580 2209 617 ‚
2265 535 2363 597 vel
2401 533 2529 595 hinc
2565 530 2640 591 in·

511 681 812 763 telligitur
853 678 1043 763 quod,
1087 676 1211 740 etsi
1244 674 1427 757 [γὲν-ο
1468 689 1723 755 quoque
1767 678 1834 732 et
1877 667 2050 731 mbre
2090 685 2129 729 e
2162 669 2367 747 stater
2397 673 2458 726 et
2489 666 2642 723 mter

514 817 841 876 contracta
882 816 1068 887 sunt,
1133 815 1346 868 tamen
1392 803 1554 866 haec
1593 801 1790 864 latina
1833 817 1954 862 nec
1996 796 2326 861 contendit
2365 793 2642 876 quisquan

512 960 632 1005 nec
675 942 882 1020 potuit
924 933 1312 1001 contendere
1354 950 1632 1013 unquam
1675 927 2120 1011 monosyllaba
2165 927 2390 989 fuisse.
2466 919 2646 984 Omni-

513 1090 724 1154 noque
768 1079 896 1133 tam
941 1084 1089 1129 esse
1130 1064 1433 1127 lubricum
1482 1061 1608 1124 hoc
1650 1077 1857 1143 genus
1891 1054 2385 1139 comparationis
2413 1050 2648 1125 arbitror,

511 1220 636 1286 quo
678 1208 932 1284 praeter
972 1205 1234 1261 ceteros
1281 1194 1557 1259 Wasius
1598 1191 1989 1274 delectatur,
2047 1190 2200 1253 nihil
2254 1195 2325 1252 ut
2365 1184 2500 1249 inde
2534 1196 2648 1263 pro-

509 1337 728 1401 ssclast
793 1332 1051 1416 quando
1100 1350 1183 1394 ne
1236 1329 1622 1410 bingianum
1682 1346 1865 1390 uerno
1926 1323 2184 1407 quidem
2242 1320 2395 1385 illud
2431 1316 2506 1382 ad
2538 1314 2649 1377 illu-

518 1472 841 1540 strandum
897 1472 1082 1534 homo
1139 1465 1440 1531 vocabuli
1499 1481 1727 1528 sonum
1771 1463 1881 1525 ulli
1939 1480 2045 1530 me
2107 1459 2324 1524 iudice
2378 1456 2511 1520 usui
2553 1452 2650 1515 fuit

512 1609 690 1690 Ergo
746 1602 1043 1682 exempla
1095 1587 1525 1680 dispicienda:
1585 1595 1749 1676 qu'ae
1808 1601 1920 1655 aut
1959 1590 2129 1654 nulla
2187 1607 2345 1653 esse
2385 1581 2651 1668 apparebit

513 1713 622 1801 aut
663 1736 944 1798 incerta:
1009 1737 1189 1792 certa
1232 1730 1397 1788 enim
1443 1741 1523 1785 ea
1565 1730 1806 1785 tantum
1849 1718 1993 1783 dico
2015 1763 2035 1798 ‚
2091 1720 2325 1802 quibus
2376 1736 2492 1780 non
2527 1712 2652 1776 levi·

519 1864 704 1928 densi
748 1861 929 1924 unius
954 1858 1220 1922 alicuius
1244 1853 1537 1936 syllabae
1562 1851 1671 1913 vel
1699 1850 2194 1931 transpositione
2227 1850 2335 1911 vel
2371 1843 2654 1910 omissione

512 1996 682 2058 iusta
725 2008 1022 2054 mensura
1074 1988 1241 2052 facili
1300 1985 1565 2068 negotio
1624 1984 2005 2046 restituatur.
2094 1981 2330 2047 Ordiar
2374 2001 2415 2045 a
2449 1971 2656 2043 notabili

1328 2117 1344 2140 ⁸
1396 2116 1409 2130 Ο
1461 2115 1475 2128 O
1521 2113 1535 2128 0

765 2255 936 2318 Nam
979 2252 1123 2316 leno
1167 2268 1352 2314 omne
1398 2257 1737 2331 argentum
1780 2245 2041 2310 abstulit
2081 2265 2193 2327 pro
2236 2244 2515 2310 fidicina:
2566 2255 2655 2321 ego

1877 2374 2140 2458 resdlui,

765 2518 1062 2583 Manibus
1121 2516 1222 2577 his
1274 2511 1668 2575 dinumeraui
1685 2554 1705 2590 ,
1767 2517 1948 2590 pater
2003 2526 2186 2571 suam
2243 2520 2458 2574 natam
2511 2519 2654 2588 quan
2747 2528 2748 2559 ι

1869 2658 2019 2704 esse
2059 2640 2348 2704 credidit.

765 2784 831 2847 N
837 2799 962 2848 uno
1017 2779 1244 2846 iterum
1301 2790 1373 2844 ut
1429 2774 1684 2843 fallatur
1741 2785 1921 2860 pate'r
1962 2777 2198 2858 tibique
2237 2775 2536 2840 auxilinm
2570 2788 2658 2850 ap·

1871 2906 2163 2987 paretur:

517 3080 670 3125 num
712 3059 1016 3124 credibile
1056 3059 1374 3123 videbitur
1418 3059 1689 3122 medium
1733 3075 1993 3121 versum
2042 3058 2151 3120 vel
2191 3067 2535 3121 monstrum
2574 3063 2659 3131 ρο·

517 3195 647 3257 tius
687 3209 920 3255 versus
979 3191 1296 3273 quoddam
1354 3190 1643 3271 potuisse
1683 3189 2040 3252 Plautinum
2094 3184 2370 3251 haberi?
2430 3185 2531 3269 qui
2575 3191 2662 3243 nee
2746 3186 2749 3221 ἵ

510 3324 824 3387 Manibus
864 3325 970 3384 Ιώ
1009 3327 1074 3385 in
1118 3323 1245 3384 His
1284 3324 1577 3383 manibus
1618 3340 1742 3384 nec
1783 3307 2052 3382 credidi}
2090 3321 2150 3382 in
2207 3322 2420 3415 credit
2468 3318 2659 3381 mutat·
2747 3328 2748 3351 ¹

513 3458 621 3520 vel
663 3465 928 3521 metrum
972 3457 1207 3519 habeat
1246 3457 1353 3517 vel
1387 3456 1953 3532 constructionem,
1996 3461 2190 3534 atque
2220 3454 2418 3537 longe
2444 3434 2660 3515 eviden·
2746 3456 2749 3487 ¹

513 3585 763 3649 tissima
803 3583 1283 3664 interpolatione
1329 3601 1412 3645 ex
1457 3582 1554 3645 eis
1599 3589 1910 3645 consutus
1950 3581 2037 3643 sit
2077 3596 2243 3663 quae
2287 3581 2548 3645 inferius
2583 3590 2663 3636 8⁰·

516 3726 798 3801 quuntur
838 3737 905 3779 v.
951 3719 1036 3780 29
1076 3734 1253 3799 sqq,:

762 3866 839 3931 Si
881 3865 983 3948 qui
1019 3862 1101 3928 ad
1148 3884 1294 3928 eum
1339 3863 1703 3945 adueniat,
1747 3860 1819 3926 rit
1859 3863 1980 3926 sibi
2024 3858 2238 3926 datum
2276 3861 2438 3926 esse
2470 3871 2665 3941 argon·
2747 3862 2748 3873 ¹

1869 4005 2000 4057 tum
2047 3989 2224 4057 dicat

766 4135 897 4197 Pro
934 4129 1254 4212 fidicina.-
1295 4124 1550 4211 argenti
1590 4128 1793 4191 minas
1833 4144 1910 4189 se
1951 4117 2669 4207 habere-quinquaginta.

760 4263 1015 4346 Quippe
1040 4263 1169 4348 ego
1194 4262 1300 4345 qui
1321 4258 1773 4326 nudiustertius
1793 4265 1949 4324 ms
1973 4261 2266 4322 manibus
2293 4248 2667 4321 munda
