2824 4890
2024 343 2382 414 chxxxt

178 524 341 569 nunc
389 505 648 588 reliquis
690 525 857 590 quae
900 508 1062 572 infra
1107 515 1292 590 posui
1326 515 1641 597 exemplis
1671 517 2105 587 confirmatum
2136 530 2379 609 accipe.

170 630 251 693 Et
278 628 771 711 Amphitruonis
818 633 1071 714 quidem
1117 639 1271 719 prol.
1316 660 1381 701 v.
1425 640 1512 705 38

346 787 544 851 Nunc
586 789 711 852 iam
755 789 1032 857 animum
1077 795 1206 857 huc
1251 815 1499 881 omnes,
1545 798 1718 881 quad
1758 802 2016 887 loquar,
2060 803 2380 871 adudrtite

158 937 390 996 neseio
433 953 513 997 an
559 934 812 999 defendi
858 938 1070 1018 possit
1120 940 1251 1001 lmo
1313 964 1477 1022 quae
1521 946 1749 1026 loquar
1810 947 2049 1013 dictum
2118 972 2232 1033 pro
2293 957 2381 1015 ad

160 1065 323 1126 haec
371 1085 534 1146 quae
577 1068 839 1147 loquar:
895 1068 1067 1150 quod
1126 1075 1186 1133 si
1241 1072 1391 1135 nihii
1452 1078 1581 1158 sit,
1645 1075 1855 1142 deleto
1916 1100 2135 1143 omnes
2186 1084 2376 1147 scribi

162 1202 406 1279 poterit

325 1328 522 1391 Nunc
564 1328 686 1391 iam
733 1328 1010 1397 {inimum
1056 1333 1184 1398 huc
1227 1333 1308 1397 ad
1352 1356 1467 1416 ea,
1512 1358 1683 1421 quae
1725 1340 1973 1427 loquar,
2016 1344 2372 1414 adudrtitet

151 1480 308 1525 nam
358 1465 632 1527 omnium
681 1468 939 1532 minime
981 1473 1352 1551 placiturum
1397 1481 1490 1540 sit

326 1598 521 1659 Nunc
569 1601 690 1662 iam
739 1599 961 1667 dmnes
1005 1607 1280 1670 animum
1324 1611 1406 1674 ad
1463 1612 1543 1677 ea
1586 1635 1752 1697 quae
1780 1620 2003 1702 loquar
2032 1620 2368 1687 admittite.

146 1729 317 1791 Sine
351 1733 517 1792 omni
546 1744 763 1796 autem
789 1734 1184 1802 dubitatione
1212 1741 1376 1805 haec
1403 1755 1551 1808 sunt
1583 1749 1813 1831 Amph.
1836 1771 1906 1831 11,
1938 1753 1995 1834 1,
2019 1756 2077 1817 9.
2103 1774 2173 1839 v,
2209 1758 2266 1840 l,
2293 1758 2364 1820 4:

323 1864 571 1926 Tamen
617 1870 763 1948 quin
812 1869 1042 1949 loqua'r
1082 1872 1245 1938 haec
1289 1874 1379 1938 uti
1419 1879 1597 1943 facta
1639 1879 1792 1945 slint
1831 1884 1954 1947 hic.

319 2002 456 2062 lam
502 2010 569 2064 ut
612 2000 954 2082 o'pprimar,
1004 2016 1075 2069 ut
1117 2006 1362 2073 enicet:
1422 2032 1526 2075 me
1570 2012 1905 2101 miseram,
1967 2020 2116 2102 quid
2174 2040 2359 2106 agam

1507 2144 1748 2209 ne'scio.

142 2265 409 2346 Quibus
449 2284 650 2349 nunc,
711 2279 1052 2351 postquam
1099 2272 1180 2335 de
1222 2273 1637 2354 productione
1683 2281 1846 2342 satis
1893 2294 2187 2364 constat,
2235 2284 2358 2348 ad-

140 2401 302 2465 dere
325 2405 557 2486 suapte
585 2413 806 2466 natura
834 2405 1200 2489 ambiguum
1235 2408 1595 2490 exemplum
1629 2410 1845 2474 licebit
1872 2412 2068 2477 Poen.
2099 2432 2166 2497 v,
2195 2415 2259 2495 6,
2280 2418 2354 2479 4:

313 2539 411 2600 Vt
454 2537 560 2600 me
600 2540 1009 2621 suspendam,
1056 2562 1137 2604 ue
1181 2545 1453 2604 ciddioar
1495 2541 1945 2625 Agorastocli:

134 2691 371 2754 parum
422 2671 586 2734 enim
636 2671 898 2754 elegans
943 2675 1048 2736 vel
1093 2678 1313 2756 potius
1354 2676 1647 2763 horridus
1706 2679 1830 2739 iste
1873 2678 1958 2741 sit
1999 2678 2354 2744 tribrachus

132 2824 223 2865 ex
274 2803 614 2867 adds-’mir
653 2801 811 2882 ἃρέ-
859 2810 1282 2888 compositus.
1386 2807 1523 2872 Sed
1583 2811 1989 2873 Menaechm.
2041 2831 2112 2891 11,
2155 2811 2220 2895 3,
2273 2814 2354 2877 10

131 2950 327 3005 recte
370 2949 443 3002 ut
484 2939 737 3002 videtur
779 2942 1184 3004 Hermannus
1227 2944 1430 3008 Elem.
1477 2944 1677 3007 doctr.
1720 2955 1900 3008 metr.
1931 2967 1988 3028 p.
2013 2946 2139 3009 395
2182 2967 2344 3011 ana-

132 3075 502 3157 paesticum
563 3073 905 3155 descripsit
962 3092 1139 3136 nunc
1195 3073 1341 3136 bum
1399 3078 1614 3154 adibo,
1683 3080 1979 3159 alloquar
2033 3081 2221 3145 u'ltro.
2265 3116 2348 3128 —

132 3210 274 3269 lam
316 3227 483 3268 vero
528 3209 749 3269 melius
794 3212 1015 3289 opinor
1058 3210 1451 3291 perspicies,
1509 3229 1697 3293 quam
1742 3212 2103 3295 corrigendi
2150 3232 2348 3294 opera

124 3344 185 3404 ei
236 3342 674 3419 successerit,
738 3339 1030 3422 quidum
1076 3358 1150 3402 se
1191 3343 1333 3403 vuit
1393 3343 1680 3404 criticum
1744 3343 1999 3422 haberi,
2057 3343 2225 3406 hunc
2282 3346 2345 3407 in

123 3478 513 3538 Trinummo
557 3475 785 3537 beilum
826 3477 1220 3537 versiculum
1261 3473 1392 3536 540
1436 3473 1767 3555 procudit:

299 3605 476 3669 Sue's
517 3608 751 3690 angina
795 3603 1155 3670 moriuntur
1200 3607 1551 3671 acerrume.

297 3743 482 3807 Satis
524 3753 676 3824 puto
720 3745 1035 3827 apparuit,
1082 3745 1232 3807 nihii
1277 3745 1394 3808 sibi
1438 3751 1756 3829 proprium
1786 3747 2024 3810 habere
2051 3757 2335 3810 naturam

113 3898 153 3938 r
202 3877 466 3937 litterae
508 3876 739 3959 finalis,
783 3895 905 3957 quo
944 3897 1372 3961 praegressae
1410 3883 1662 3943 vocalis
1705 3881 1991 3944 brevitas
2036 3878 2336 3943 intende-

113 4017 321 4070 retur.
410 4007 559 4068 Nec
615 4009 826 4089 magis
882 4008 941 4071 id
998 4011 1057 4071 in
1110 4011 1271 4074 alias
1335 4021 1763 4075 consonantes
1818 4012 2005 4077 cadit.
2089 4010 2335 4088 ,Quodsi

108 4144 315 4220 faa-ie
354 4144 597 4220 feceris
640 4141 950 4223 producta
996 4144 1211 4207 ultima
1262 4152 1566 4227 usurpata
1606 4154 1795 4226 sunt,
1862 4152 2086 4206 contra
2143 4154 2337 4225 atque

118 4270 181 4333 iu
234 4276 417 4353 facis
467 4278 694 4355 facitis
743 4279 999 4356 fecistis
1054 4279 1300 4339 amabis
1352 4276 1596 4340 factum
1617 4321 1636 4357 ,
1696 4296 1777 4337 ex
1836 4275 2031 4358 ipsius
2087 4277 2333 4340 vocalis
