2824 4890
1905 338 2348 408 cebxxxn
2354 347 2383 407 1

152 518 646 605 penthemimeri
691 485 1073 595 memineris,
1135 516 1350 580 binis
1404 517 1688 599 partibus
1734 517 2001 600 dispesti
2047 519 2380 584 videantur

151 671 434 737 prorsus
474 653 637 715 inter
679 670 755 715 se
797 652 1192 732 aequalibus.
1250 651 1577 714 Pei-tinent
1618 652 1747 715 huc
1794 671 1856 717 v,
1897 649 1999 717 23.
2048 651 2186 719 164.
2234 651 2372 719 167.

151 787 306 852 213.
348 785 495 848 214.
539 783 682 849 436.
723 783 867 845 462.
910 780 1077 844 5³6:

331 913 624 981 Amicum
671 912 995 996 castigare
1038 915 1117 976 ob
1163 914 1449 977 meritam
1495 911 1770 980 noxiam.

333 1050 425 1111 Et
464 1040 671 1111 meam
716 1045 1086 1110 fidelitatem
1131 1056 1194 1109 et
1239 1050 1448 1112 celata
1491 1047 1724 1114 omnia.

335 1180 451 1242 He
492 1176 764 1242 absente
809 1187 1005 1259 atque
1049 1176 1381 1258 insciente,
1430 1177 1786 1243 inconsultu
1828 1199 1991 1245 meo.

337 1306 671 1394 iudignum
716 1306 976 1378 ciuitate
1018 1329 1096 1374 ac
1135 1327 1289 1371 sese
1334 1306 1573 1373 uiuere.

332 1436 535 1504 Bonis
576 1439 678 1521 qui
720 1438 886 1501 hunc
928 1437 1407 1503 adulescentem
1454 1440 1795 1505 euortisset
1837 1444 1995 1509 suis.

323 1570 615 1635 Saluere
658 1566 1090 1634 Lesbonicum
1138 1581 1203 1633 et
1246 1572 1616 1635 Stasimum.
1704 1571 1787 1635 Di
1829 1574 2024 1646 duint.

335 1699 692 1784 Vtrumque
738 1699 1105 1764 Lesbonico
1146 1702 1206 1763 in
1257 1711 1475 1766 aetate
1517 1700 1644 1766 hau
1691 1704 2005 1767 bonumst.

332 1828 466 1896 Alii
505 1851 581 1894 se
620 1831 1006 1910 supendere.
1051 1853 1128 1895 en
1175 1809 1488 1910 nunc⁸hic
1531 1833 1757 1916 quoius
1801 1840 2001 1902 est.*)

151 1963 527 2028 Fatendum
576 1971 677 2023 est
719 1972 930 2025 tamen
980 1964 1144 2025 ultra
1188 1983 1600 2047 progressam
1647 1982 1797 2027 esse
1836 1967 1992 2028 artis
2032 1943 2403 2048 indulgen-⁸

152 2099 316 2161 tiam
362 2104 433 2157 et
479 2095 799 2175 aliquanto
844 2096 986 2176 plus
1030 2095 1337 2157 libertatis
1379 2097 1645 2159 senariis
1670 2091 1865 2179 'quam
1892 2100 2274 2180 septenariis
2307 2101 2371 2161 in

157 2246 446 2291 caesura
490 2227 632 2287 sive
677 2226 1062 2307 negligenda
1107 2229 1257 2289 sive
1315 2227 1715 2306 obscuranda
1767 2231 2194 2291 concessisse.
2307 2230 2373 2289 {n

159 2370 527 2425 extremam
570 2361 820 2443 quidem
867 2363 1183 2423 licentiam
1234 2361 1526 2443 nulloque
1569 2381 1831 2442 prorsus
1876 2370 2370 2443 temperamento

49 2570 62 2579 ,
153 2499 424 2563 lenitam
474 2516 551 2559 ea
595 2497 954 2558 libertas.in
1000 2506 1224 2559 neutro
1268 2516 1510 2580 genere
1556 2498 1780 2559 vertit:
1824 2515 1946 2561 non
1979 2497 2179 2577 magis
2206 2497 2371 2559 enim

157 2655 361 2719 quam
408 2635 600 2697 talem
645 2635 1081 2723 septenarium

436 2838 572 2886 Nam
609 2834 655 2886 si
693 2837 774 2886 sic
809 2850 914 2886 non
951 2833 1158 2903 licebit,
1193 2839 1376 2888 luscus
1416 2834 1620 2888 dixero.

442 2925 595 2977 Sicut
632 2928 1029 2980 fortunatorum
1069 2935 1369 2982 memorant
1405 2926 1635 2978 insulas.

440 3019 538 3069 Ibo
572 3016 673 3068 buc
708 3034 814 3082 quo
851 3021 919 3069 mi
959 3020 1349 3086 imperatumsss
1386 3023 1486 3071 etsi
1522 3022 1610 3071 odi
1647 3018 1786 3070 luzinc
1821 3023 2052 3071 domum.

442 3108 657 3160 Natura
693 3113 793 3162 illa
827 3121 989 3175 atque
1025 3108 1285 3177 ingenio?
1330 3111 1629 3161 iamdudum
1666 3108 1895 3164 ebriust.

187 3201 254 3262 ⁴)
292 3201 523 3264 Triplex
558 3204 887 3253 definiendae
924 3217 1185 3254 caesurae
1224 3204 1312 3253 via
1348 3207 1494 3265 patet
1532 3216 1583 3251 v·
1618 3202 1765 3250 456:
1816 3238 1820 3249 ,

431 3290 801 3341 Ferentarium
838 3306 956 3342 esse
990 3290 1217 3342 amicum
1255 3292 1529 3341 inuentum
1566 3285 1858 3354 intellego:

263 3372 268 3377 ’
301 3378 394 3427 ubi
430 3382 557 3438 post
608 3378 858 3430 amicum
895 3380 1072 3429 locum
1128 3380 1319 3428 habere
1372 3377 1847 3438 nephthemimeres
1900 3380 2077 3437 potest
2111 3375 2228 3425 sine
2266 3377 2373 3427 eli-

293 3465 473 3525 sione,
495 3470 619 3525 post
633 3478 749 3513 esse
770 3465 893 3515 item
916 3468 1033 3516 sine
1053 3466 1279 3515 elisione
1304 3465 1767 3527 penthemimeres,
1789 3463 1983 3513 ibidem
2004 3476 2124 3512 cum
2144 3464 2375 3516 elisione

293 3569 533 3607 caesura
549 3556 678 3606 κατα·
702 3555 934 3623 δεύτερον
964 3562 1176 3623 ἴαμβον,
1214 3563 1274 3608 ut
1321 3560 1657 3609 Graecorum
1692 3557 1743 3606 in
1779 3555 1938 3606 simili
1973 3568 2172 3607 caussa
2188 3559 2375 3622 appel-

293 3647 552 3698 lationem
590 3648 782 3701 imiter.
855 3651 914 3698 ln
953 3650 1152 3699 talibus
1188 3622 1364 3700 au⁴tem
1401 3648 1676 3698 sciendum
1712 3651 1796 3697 est
1832 3660 1967 3708 prae
2004 3648 2188 3697 ultima
2211 3662 2377 3710 prae-

297 3739 607 3802 ponderare
642 3737 1155 3807 semiseptenariam‚
1191 3756 1323 3805 prae
1369 3744 1469 3791 hac
1525 3739 1993 3805 semiquinariam,
2043 3740 2118 3789 lta
2170 3740 2376 3801 quidem

295 3838 378 3895 ut,
418 3845 557 3894 quae
589 3834 865 3898 gravioris
899 3847 1159 3885 caesurae
1193 3837 1433 3898 pondere
1480 3835 1765 3898 elevetur,
1800 3835 1866 3883 ad
1905 3832 2125 3896 pedicae
2160 3829 2377 3893 exigui-

292 3929 466 3974 tatem
504 3922 848 3987 deprimatur.
919 3927 1037 3976 Nisi
1075 3929 1214 3988 quod
1252 3932 1477 3989 propter
1513 3924 1830 3989 insignioris
1853 3923 1956 3974 vim
1977 3918 2373 3982 interpunctio-

299 4014 386 4063 nis
422 4015 866 4076 semiseptenaria
898 4018 1180 4077 praevalet
1217 4030 1268 4067 v,
1307 4016 1439 4066 195.
1482 4015 1608 4065 182.
1645 4014 1792 4064 527:

442 4101 591 4154 Istuc
630 4106 876 4155 uolebam
912 4103 1070 4155 scire.
1107 4106 1122 4155 i
1156 4119 1290 4156 sane
1328 4102 1474 4154 nunc
1506 4104 1640 4153 iam.

439 4190 529 4242 llli
571 4195 765 4243 redemi
803 4191 1008 4260 rusum,
1044 4209 1078 4246 a
1113 4208 1197 4245 me
1234 4189 1522 4258 argentum
1562 4190 1694 4240 dedi.

439 4281 756 4335 Consuadet
789 4285 1009 4351 bomini,
1045 4282 1231 4337 credo.
1267 4283 1366 4335 etsi
1401 4277 1667 4333 scelestus
1705 4285 1803 4329 est.
