2824 4890
2061 366 2296 429 XLIX,

164 553 332 608 tamen
367 543 464 607 tali
503 562 539 605 e
581 542 804 609 codice
846 562 1157 627 expressa
1200 555 1335 610 est:
1397 546 1590 611 immo
1646 556 1756 609 aut
1808 548 2031 612 similis
2089 552 2288 614 nostri

158 678 215 739 Ε
247 677 379 741 liber
415 678 691 743 Merulae
734 687 995 760 praesto
1055 680 1172 744 fuit
1223 690 1560 762 utramque
1593 681 1673 744 in
1734 698 1811 744 se
1853 683 2291 746 recensionem

153 809 396 892 socians,
445 820 583 892 aut,
639 810 804 895 quod
850 811 1170 876 lubentius
1217 814 1612 897 amplector,
1670 813 1917 878 duobus
1962 814 2066 878 ille
2105 817 2292 879 simul

156 958 284 1004 usus
321 952 432 1025 est,
470 962 730 1026 quorum
777 944 938 1008 alter
982 945 1531 1029 interpolationem
1578 947 1930 1031 integram,
1976 948 2293 1033 integram

149 1074 415 1140 Vrsioiani
454 1079 829 1160 scripturam
891 1081 1054 1143 alter
1092 1080 1381 1148 referret.
1466 1082 1567 1145 De
1610 1083 1974 1145 Trinummo
2029 1084 2291 1165 loquor:

146 1225 257 1271 nam
286 1210 644 1275 Bacchidum
690 1210 962 1293 quidem,
1004 1212 1469 1295 Mostellariae,
1514 1214 2106 1296 Menaechmorum,
2152 1216 2289 1278 ui-

150 1338 244 1402 litis
277 1360 426 1425 aque
459 1343 847 1407 Mercatoris
887 1343 1153 1425 nullum,
1195 1343 1256 1407 id
1298 1343 1473 1426 quod
1511 1345 1651 1428 ipse
1693 1348 2125 1431 conqueritur,
2170 1349 2286 1411 nisi

154 1472 526 1557 interpolatum
583 1474 805 1538 librum
859 1476 1040 1551 (sive
1084 1463 1353 1551 ‘libros’)
1395 1486 1625 1540 nactus
1668 1488 1810 1560 est,
1871 1498 2178 1562 eumque,
2225 1487 2294 1543 ut

148 1603 292 1668 facile
324 1610 675 1673 conferenti
715 1617 935 1692 patet,
979 1609 1294 1692 gliscente
1339 1611 1727 1674 librariorum
1772 1612 2163 1698 negligentia
2207 1610 2291 1677 ad

147 1749 439 1806 extremam
493 1743 950 1826 turpitudinem
1008 1742 1453 1826 depravatum.
1537 1743 1673 1809 Sed
1726 1753 1975 1826 septem
2033 1745 2290 1810 ultimas

138 1871 268 1937 idem
305 1876 569 1942 laetatur
612 1865 954 1959 ‘simplices
1006 1886 1072 1939 et
1128 1879 1403 1940 intactas
1446 1895 1487 1939 a
1523 1863 1917 1939 censoribus’
1960 1894 2114 1941 sese
2156 1877 2287 1941 lia-

141 2003 366 2092 buisse,
429 2018 495 2074 et
550 1998 937 2093 ‘quanquam
1000 2010 1382 2092 mendosae,
1453 2011 1648 2073 multo
1706 2016 1920 2073 tamen
1960 1998 2289 2073 veriores’.

133 2135 343 2203 Verum
384 2159 543 2224 quas
588 2120 874 2206 intactas
919 2145 1199 2226 accepit,
1239 2142 1660 2206 veliementer
1689 2151 1856 2205 erret
1882 2145 1988 2226 qui
2011 2142 2292 2206 intactas

132 2269 448 2348 publicasse
490 2281 713 2357 putet:
758 2280 914 2355 quot
958 2272 1124 2336 enim
1168 2292 1207 2335 e
1248 2272 1507 2337 novicia
1537 2272 1915 2336 recensione
1941 2274 2293 2356 scripturas

134 2403 320 2481 partim
371 2412 542 2470 reete
605 2402 830 2486 partim
901 2411 1155 2485 praeter
1215 2403 1552 2467 veritatem
1612 2403 1958 2486 asciverit,
2021 2404 2292 2489 singulis

129 2535 336 2618 paginis
374 2538 708 2603 annotatio
771 2544 991 2600 nostra
1031 2535 1240 2602 docet.
1328 2536 1535 2614 Quem
1571 2536 1687 2599 ille
1730 2537 2047 2600 delectum
2090 2553 2293 2617 saepe

130 2681 229 2728 non
263 2668 392 2732 sine
432 2666 673 2732 iudicio
714 2665 952 2732 habuit.
1039 2665 1171 2746 Qui
1227 2682 1373 2728 cum
1432 2667 1567 2729 iure
1607 2684 1730 2730 suo
1774 2672 1876 2739 (ut
1919 2687 1958 2731 e
2003 2667 2293 2732 multitu-

127 2792 243 2860 dine
281 2804 714 2887 exemplorum
772 2820 888 2883 per
928 2810 1219 2864 saturam
1267 2799 1582 2882 quaedam
1642 2799 1947 2877 delibem)
1990 2819 2032 2865 a
2076 2817 2296 2864 corre·

129 2933 275 2994 etore
309 2937 486 2999 velut
528 2934 930 2996 conducibile
972 2935 1151 3008 (eum
1197 2932 1296 3002 Α)
1338 2936 1691 3014 sumpserit
1731 2952 1795 2994 v.
1836 2932 1962 3015 36,
2006 2955 2078 2995 es
2117 2937 2296 3010 (eum
2414 2966 2428 2977 ·

131 3059 203 3134 B)
237 3081 294 3125 v.
327 3065 435 3148 47,
491 3071 826 3146 ignauiam
880 3064 1036 3145 132,
1091 3065 1264 3146 quod
1304 3084 1482 3126 meae
1528 3064 1681 3146 141,
1740 3067 1829 3127 od
1863 3072 1926 3128 te
1971 3063 2133 3147 161,
2198 3070 2290 3128 ita

127 3202 207 3254 ut
236 3202 399 3270 (cum
442 3201 545 3272 A)
600 3199 755 3282 196,
800 3200 971 3280 quod
1006 3199 1157 3260 mit
1193 3196 1360 3280 250,
1400 3198 1548 3259 boni
1582 3196 1732 3278 272,
1769 3219 1896 3278 par
1938 3202 2069 3260 tuis
2115 3200 2293 3272 (cum

126 3325 256 3401 AB)
293 3331 435 3412 279,
479 3333 801 3393 hominem
841 3333 1018 3406 (cum
1044 3328 1196 3402 Ac)
1219 3325 1374 3410 308,
1419 3331 1796 3409 quaedamst
1818 3326 1997 3406 (cum
2024 3329 2122 3407 Β)
2145 3326 2296 3408 32-1,

125 3469 286 3535 parta
336 3464 462 3527 347
523 3467 708 3540 (cum
768 3461 867 3537 A)
892 3505 913 3543 ,
995 3479 1080 3522 an
1131 3463 1345 3522 minus
1403 3458 1530 3520 349
1587 3463 1761 3530 (cum
1822 3456 2090 3522 eodem:
2151 3476 2297 3524 nam

128 3597 335 3658 tantum
380 3614 718 3680 operarum
764 3594 921 3657 vitio
975 3595 1213 3673 mimus
1244 3591 1694 3672 expressum),
1745 3592 1860 3651 tihi
1899 3589 2057 3674 472,
2115 3594 2298 3654 edam

122 3722 264 3810 474,
313 3735 550 3796 mirum
588 3733 662 3793 m·
701 3737 773 3793 tu
812 3729 975 3810 495,
1035 3728 1590 3809 transpositionem
1650 3747 1884 3792 versus
1938 3729 2068 3793 510
2118 3734 2299 3807 (cum

120 3857 242 3919 solo
283 3859 377 3935 A)
391 3906 415 3945 ,
456 3881 684 3926 censes
713 3860 885 3944 563,
928 3867 1227 3944 cuiquam
1268 3870 1398 3925 tam
1437 3863 1565 3925 274
1587 3906 1608 3944 ,
1651 3868 1830 3943 rapis
1872 3863 2003 3927 680
2019 3907 2039 3945 ,
2082 3884 2298 3942 royem

118 3986 261 4071 ⁷58,
325 4015 415 4056 ea·
454 3995 726 4058 seleutia
762 3992 927 4076 771,
981 4014 1210 4072 gerere
1251 4013 1385 4057 rem
1426 3991 1590 4076 773,
1651 4002 1857 4057 terere
1897 3994 2053 4074 796,
2113 3995 2303 4057 habet

118 4119 231 4184 868
248 4168 270 4206 ,
306 4128 695 4191 «ommium
736 4145 853 4208 pro
895 4127 1249 4188 domuum
1288 4124 1454 4208 935,
1510 4130 1620 4188 cui
1656 4145 1789 4186 rem
1831 4143 1945 4205 pro
1983 4146 2112 4209 quo
2145 4132 2303 4191 arem

120 4250 251 4333 ΞΒ,
288 4258 384 4319 ibo
426 4259 519 4320 ad
554 4257 703 4341 995,
745 4275 1077 4339 nunquam
1121 4255 1324 4336 1004,
1370 4274 1580 4317 mores
1621 4273 1735 4337 pro
1779 4256 2066 4321 homines
2111 4259 2279 4325 1028

253 4402 386 4447 ruofi
412 4405 535 4448 σοι.
556 4403 595 4451 ι.
623 4407 665 4452 ¹.
690 4405 811 4450 mn.
1858 4397 1902 4443 n
