2824 4890
1897 331 2245 397 CXXXIX

133 517 296 588 gatar.
345 509 462 574 Sed
493 522 552 573 et
595 513 652 573 in
698 510 906 574 medio
950 529 1151 575 versu
1196 531 1359 576 cave
1404 513 1561 594 quid
1594 513 1715 576 Ιιὸι·
1757 517 1926 594 quod
1969 514 2031 574 ιε’
2070 532 2241 591 rogo,

130 645 425 724 praesertim
472 647 525 706 iu
573 645 673 708 illa
722 645 1161 708 distributione
1205 665 1663 727 personarum,
1724 647 2052 729 probatum
2097 615 2249 708 esse

129 795 173 835 v.
203 777 313 839 93⁰
354 779 449 840 tibi
503 779 895 861 persuadeas
895 823 934 862 ·,
996 788 1061 841 et
1119 778 1180 840 in
1242 778 1385 860 ipso
1444 778 1749 860 principio
1796 778 1914 840 Set
1970 771 2092 838 Ιιὸσ
2148 796 2247 837 me

125 908 274 971 tinum
312 911 627 994 placuisse,
671 910 843 992 quod
890 908 1103 973 v.394
1142 909 1418 972 deterior
1464 911 1522 971 in
1555 902 1691 973 ⁴hoc
1737 909 2050 972 Palatinis
2085 911 2248 970 Am-

126 1038 391 1106 brosianus
430 1045 700 1108 exhibet.
744 1046 945 1108 Porro
991 1054 1203 1108 autem
1249 1044 1420 1105 nihili
1465 1063 1615 1107 esse
1660 1061 1891 1106 vorsus
1917 1043 2040 1105 595
2074 1041 2247 1103 initio

129 1175 385 1240 mirificum
444 1180 692 1241 scilicet
757 1178 1399 1261 proceleusmaticum
1469 1177 1588 1239 Set
1645 1176 1715 1238 i’d
1774 1180 1838 1236 si
1903 1174 2250 1246 a'liendtur,

119 1308 223 1383 ips·
254 1315 636 1391 grammatica
682 1297 935 1397 arguit,
982 1333 1144 1397 quae
1187 1313 1416 1375 saltem
1461 1317 1557 1391 is,
1606 1331 1732 1374 non
1772 1312 1843 1371 id
1881 1308 2248 1389 flagitatura

117 1436 190 1497 sit.
257 1442 307 1502 A
344 1449 652 1508 sententia
692 1447 1117 1509 reiectaneum
1179 1467 1242 1510 v.
1285 1447 1371 1509 85
1416 1445 1604 1521 Quod
1659 1442 1727 1507 i'n
1773 1446 2049 1507 ou'lmine
2090 1441 2246 1505 facit

119 1580 169 1629 ut
200 1574 349 1635 etiam
382 1576 797 1639 confidentius
827 1575 1017 1651 Quo'd
1074 1573 1142 1638 i'n
1186 1597 1382 1637 manu
1421 1539 1488 1637 Ἦν.
1511 1578 1636 1638 914
1665 1577 2044 1638 reiiciamus.
2088 1573 2238 1635 Non

117 1701 227 1778 plus
259 1704 377 1767 fidei
417 1717 774 1789 correptum
823 1717 968 1771 arite
1012 1716 1470 1770 consonantem
1519 1716 1582 1769 et
1622 1707 1844 1769 habet:
1912 1707 2028 1768 nisi
2070 1705 2240 1784 quod

111 1832 157 1894 in
191 1839 484 1901 octonariis
512 1858 674 1902 saue
703 1839 946 1902 licuerit
988 1839 1270 1902 fortasse
1321 1841 1593 1903 tolerare
1646 1838 1711 1900 ἔτ
1743 1841 1957 1919 yra'lis
2001 1858 2064 1904 V.
2090 1839 2237 1918 821,

117 1964 192 2027 uhi
236 1978 417 2034 tamen
472 1973 660 2036 nobis
703 1974 826 2035 alia
871 1973 1030 2034 ratio
1078 1972 1344 2054 probata
1388 1982 1504 2034 est.
1592 1973 1879 2053 Denique
1923 1971 2070 2034 ferri
2112 1991 2238 2033 non

109 2103 265 2177 potuit
312 2123 371 2166 v·
410 2107 530 2170 482
589 2107 820 2170 uce'rum
866 2106 1039 2188 quo'd
1085 2105 1172 2167 dd
1221 2113 1508 2169 uenlrem
1567 2108 1809 2166 a'ltinet.
1895 2105 2034 2166 Vbi
2093 2124 2238 2169 cum

105 2229 267 2298 deleta
305 2242 760 2322 praepositione
803 2260 926 2302 nou
972 2239 1248 2302 satisfiat
1292 2238 1583 2321 loquendi
1632 2239 1774 2301 usui
1819 2238 2067 2321 Plauti,
2135 2239 2240 2322 qui

108 2367 197 2428 soli
231 2375 575 2436 accusativo
634 2374 906 2436 iunctum
955 2377 1226 2434 attinere
1290 2372 1555 2431 verbum
1617 2373 1902 2453 ignorat,
1965 2390 2002 2432 a
2047 2390 2236 2432 manu

98 2513 282 2578 poetae
317 2507 509 2570 visum
557 2518 665 2570 est
709 2510 879 2589 quod
914 2517 1200 2569 uentrem
1242 2510 1537 2583 attiyit
1582 2503 1919 2584 prodiisse,
1967 2504 2067 2564 cui
2113 2522 2238 2564 ex-

100 2631 337 2708 plicando
377 2639 602 2700 ascribi
648 2642 849 2720 potuit
895 2636 1065 2718 quod
1112 2638 1434 2717 vulgatur.
1521 2636 1858 2695 Postremo
1889 2633 2054 2692 bono
2088 2650 2240 2693 esse

100 2766 375 2830 stomacho
415 2778 689 2851 oportet,
733 2767 836 2847 qui
877 2767 1020 2827 sine
1065 2765 1356 2827 molestia
1406 2772 1803 2843 concoquant
1830 2760 1995 2844 quod
2027 2782 2092 2823 v.
2117 2760 2242 2823 792

93 2888 243 2956 libros
277 2897 606 2964 dedecorat
670 2896 851 2962 i'lli'cm
894 2919 1078 2979 quem
1118 2899 1360 2977 habuit,
1407 2905 1581 2957 recte
1629 2896 1749 2956 iam
1796 2914 1834 2957 a
1863 2895 2234 2957 Comen-ario

101 3021 147 3082 iu
181 3047 298 3089 eum
336 3053 387 3113 q.
415 3035 476 3094 Ιι.
524 3041 865 3112 mutatum,
907 3033 967 3094 in
1013 3052 1246 3095 meram
1298 3039 1510 3091 autem
1563 3030 1909 3092 barbariem
1940 3048 1977 3091 a
2012 3030 2239 3091 Bothio

95 3170 432 3246 corruptum,
497 3166 682 3227 cuius
728 3172 1152 3226 commentum
1201 3183 1382 3242 quem
1427 3162 1664 3222 leobini!
1703 3163 1802 3223 sui
1842 3162 2048 3223 simile
2092 3162 2240 3223 nihil

92 3282 244 3351 habet
278 3295 381 3356 nisi
427 3297 570 3357 alibi
618 3296 698 3357 ab
743 3295 968 3358 eodem
1016 3295 1523 3358 commendatum
1572 3298 1927 3358 cons-lilani.
2015 3294 2240 3372 Quan-

92 3433 240 3495 quam
270 3425 391 3489 lieri
423 3439 642 3511 potest
671 3440 741 3492 ut
785 3451 823 3493 e
863 3431 1258 3511 glossemate
1302 3430 1384 3490 sit
1429 3430 1627 3500 illum,
1674 3435 1980 3489 revocata
2023 3435 2239 3488 autem

91 3578 219 3641 quae
251 3570 540 3634 exciderit
584 3570 837 3653 syllaba
877 3569 975 3631 sic
1019 3586 1253 3631 versus
1298 3565 1873 3647 redintegrandus:

221 3698 407 3776 Quem
453 3711 606 3764 ante
652 3701 891 3782 habuit,
937 3698 1239 3782 perdidit:
1285 3695 1476 3760 alium
1524 3706 1671 3779 post
1714 3694 1866 3762 fecit
1904 3716 2155 3762 nouom.

93 3827 185 3891 vel
222 3836 406 3912 Qum
440 3842 589 3904 olim
635 3841 879 3903 habuit.
