2824 4890
483 361 843 428 LXXXV!

487 548 893 631 simplicitate
956 542 1117 605 haee
1181 543 1267 601 sit
1318 537 1657 598 verborum
1729 527 2061 593 collocatio
2129 524 2307 586 Haeo
2370 526 2432 583 si
2490 527 2682 581 sunt

490 689 679 758 recte,
715 701 829 742 seu
866 695 1176 754 peruerse
1208 677 1448 755 facta
1489 674 1726 732 eunt:
1770 683 1892 726 non
1939 661 2147 744 magis
2193 667 2401 721 nutem
2447 656 2683 718 tolera·

487 820 636 883 bilis
676 792 1189 877 enuntiationum*
1220 805 1385 868 nullo
1432 801 1686 864 vinculo
1712 814 2014 860 nexorum
2039 793 2280 871 hiatus,
2323 792 2380 852 si
2402 797 2682 869 servato,

489 974 675 1038 quern
722 950 857 1012 libri
904 944 1239 1029 prodidere
1268 987 1286 1019 ,
1351 938 1688 1001 verborum
1738 937 1921 996 Haec
1982 938 2140 995 eunt
2176 936 2238 992 si
2277 923 2481 1012 (seu)
2524 936 2692 989 recte

491 1088 711 1152 ordine
766 1086 888 1149 hos
947 1099 1098 1146 sese
1143 1096 1375 1141 versus
1439 1077 1742 1154 excipere
1803 1066 2106 1131 statueris
2150 1065 2331 1124 Haec
2373 1067 2568 1136 sunt,
2634 1065 2698 1120 si

490 1227 664 1283 recte
709 1240 824 1280 seu
863 1235 1172 1296 pervorse
1208 1217 1390 1292 facta
1430 1215 1586 1272 sunt
1606 1230 1629 1268 .·
1674 1207 1819 1283 Eyo
1860 1223 1959 1264 me
1994 1204 2233 1282 fecisse
2260 1202 2556 1275 confiteor
2582 1214 2696 1254 -ε

490 1350 654 1414 haec
696 1351 886 1434 igitur
929 1347 1135 1411 omnis
1181 1363 1323 1407 cum
1367 1348 1459 1406 ita
1502 1341 1666 1421 sint,
1731 1351 2137 1415 consequens
2201 1348 2352 1393 esse
2396 1327 2582 1391 video
2624 1337 2697 1388 ut

495 1504 537 1548 ι
577 1485 866 1546 Lomsno
911 1490 1164 1561 sumpto
1208 1473 1575 1558 pronomine
1635 1469 1903 1532 relativo
1951 1479 2017 1529 et
2059 1464 2280 1528 rationi
2326 1470 2391 1525 et
2434 1465 2700 1523 concin-

501 1616 678 1678 nitati
722 1615 821 1676 sic
867 1612 1123 1675 demum
1165 1606 1474 1671 satisfiatz

750 1763 936 1823 Haec
978 1765 1155 1837 sunt,
1201 1759 1261 1816 si
1307 1762 1486 1816 recte
1527 1772 1644 1816 seu
1690 1770 1994 1834 peruerse
2039 1752 2212 1813 facta
2259 1759 2429 1830 sunt,

754 1892 942 1971 Quae
983 1907 1111 1972 ego
1154 1907 1257 1949 me
1298 1885 1534 1950 fecisse
1576 1884 1909 1965 confiteor,
1956 1880 2434 1967 Megaronides

674 2063 947 2123 Tantum
995 2057 1076 2119 de
1118 2055 1233 2118 his.
1322 2053 1426 2114 Ad
1486 2071 1626 2115 eum
1689 2062 1899 2113 autem
1958 2051 2162 2114 locum
2226 2050 2710 2133 grammaticae,

509 2197 611 2279 qui
653 2203 756 2257 est
802 2190 882 2253 de
925 2188 1217 2270 analogia
1230 2233 1252 2271 ,
1299 2188 1461 2250 haec
1505 2187 1816 2267 pertinent
1861 2203 2024 2265 quae
2068 2183 2226 2245 infra
2261 2184 2479 2264 posui.
2567 2184 2712 2246 Pri-

506 2300 674 2392 mum
734 2325 1010 2390 omnium
1068 2329 1181 2384 tie
1241 2321 1566 2405 genitivus
1620 2337 1732 2399 pro
1791 2326 1889 2379 tm·
1933 2316 2262 2398 praeclaro
2307 2314 2714 2376 Ambrosisni

503 2463 878 2527 testimonio
932 2465 1234 2520 servatus
1292 2473 1357 2516 v.
1403 2451 1550 2515 343.
1646 2452 1795 2530 Qua
1856 2450 2060 2512 forma
2118 2449 2242 2511 etsi
2306 2467 2432 2510 non
2496 2445 2715 2509 dubito

502 2599 648 2680 quin
695 2593 891 2658 multo
932 2591 1189 2671 saepius
1234 2594 1425 2668 poeta
1475 2603 1635 2648 usus
1677 2584 1799 2665 sit,
1866 2590 2078 2644 tumen
2135 2582 2500 2644 coniectura
2560 2601 2704 2644 eam

508 2749 820 2797 revocare
862 2728 977 2789 vix
1017 2743 1294 2808 unquam
1339 2722 1573 2804 licebit,
1619 2720 1934 2803 quonism,
1977 2721 2031 2780 si
2067 2738 2107 2781 a
2137 2718 2359 2800 paucis
2403 2715 2720 2797 exemplis

504 2879 573 2929 ut
617 2864 796 2926 Milit.
844 2881 940 2941 ιν,
985 2859 1064 2937 2,
1110 2860 1191 2921 42
1234 2862 1628 2937 recesseris,
1684 2855 1767 2919 ad
1811 2863 2077 2918 metrum
2122 2853 2271 2915 nihil
2314 2853 2587 2914 interest
2629 2857 2718 2913 tis

466 2961 469 2964 Ι
512 2999 761 3078 legatur
789 3014 869 3056 an
913 2997 1027 3068 tui,
1078 2988 1243 3073 quod
1290 2991 1499 3070 ipsum
1545 2998 1611 3051 et
1655 2988 2032 3070 bisyllabum
2080 3003 2234 3048 esse
2279 2993 2345 3046 et
2387 2982 2730 3064 monosyl-

519 3127 731 3189 labum
776 3133 1008 3206 potest.
1072 3157 1150 3169 —
1238 3125 1336 3185 De
1383 3123 1713 3186 masculini
1760 3119 2009 3202 generis
2053 3115 2406 3180 nominibus
2450 3114 2732 3177 dubitari

519 3263 725 3340 solet,
792 3282 869 3323 ae
913 3259 1180 3343 genitivi
1235 3260 1297 3321 iu
1355 3257 1438 3319 αἱ
1491 3255 1963 3320 distractionem
2024 3270 2170 3313 num
2230 3250 2465 3331 pariter
2527 3257 2732 3329 atque

513 3397 812 3462 feminina
857 3394 1205 3457 admittant.
1294 3393 1506 3454 Litem
1573 3389 1805 3452 dirimit
1861 3387 2073 3449 talium
2133 3383 2453 3445 evidentia
2516 3383 2738 3462 qualia

515 3540 663 3593 sunt
707 3550 769 3590 v.
812 3525 940 3588 359
981 3527 1356 3589 Charmidai
1384 3524 1536 3604 filio,
1584 3540 1653 3584 v.
1701 3518 1862 3582 1183
1905 3515 2199 3581 Calliclai
2228 3515 2392 3595 fllia,
2439 3531 2576 3593 quo
2628 3514 2738 3574 vel

516 3662 800 3745 vestigia
842 3638 1137 3721 librorum
1180 3656 1456 3719 ducunt:
1501 3673 1647 3716 nam
1690 3662 1800 3715 aut
1844 3667 2174 3715 mmmmm
2219 3658 2330 3710 aut
2372 3664 2740 3711 susumus

513 3806 618 3860 est
661 3798 720 3858 iu
767 3796 864 3873 A,
902 3796 1144 3858 callidi
1183 3794 1244 3857 in
1290 3793 1490 3856 BCD.
1579 3789 1829 3869 Quibus
1873 3789 1932 3850 in
1980 3804 2291 3869 praesens
2335 3805 2535 3848 unum
2580 3794 2741 3846 tan·

508 3943 638 3995 tum
698 3929 1056 4010 exemplum
1124 3928 1352 3991 addam
1412 3947 1497 3989 ex
1540 3925 1787 4006 Epidici
1842 3921 2143 3984 versibus
2189 3938 2276 3999 ιι,
2322 3919 2409 3998 2,
2451 3918 2545 3980 59
2591 3935 2742 4000 sqq.

515 4063 964 4126 turbatissimis
1023 4062 1253 4144 vulgo,
1309 4063 1407 4124 sic
1465 4071 1678 4124 autem
1727 4058 2135 4123 Ambrosisni
2185 4054 2429 4122 codicis
2482 4052 2746 4116 auxilio

511 4191 1041 4256 reconcinnaudis
1065 4214 1079 4253 z
