2824 4890
2078 381 2359 462 CCXCI

138 526 426 593 adversa
473 534 685 597 fronto
729 553 1103 620 repugnant.
1222 549 1334 611 Me
1394 554 1595 617 invito
1639 557 1921 624 relictum
1968 576 2070 627 est
2131 588 2192 629 v.
2235 573 2361 636 927

137 664 219 727 ab
263 666 444 730 initio
490 675 841 736 tetrametri
887 677 1067 741 Mihi
1105 682 1436 747 lamdbat:
1497 708 1609 768 pro
1671 711 1794 775 quo
1850 717 1973 760 nou
2018 699 2235 767 dubito
2277 709 2357 770 ab

136 797 515 863 Hermanno
543 808 937 886 propositum
982 812 1321 879 La'tae‘tabaeit
1355 824 1518 883 milen·
1553 829 1867 907 amplecti.
1911 833 2083 898 Nam
2122 847 2193 900 ut
2233 861 2356 905 non

133 931 376 1009 quovis
421 943 614 1014 pacto
660 946 726 998 et
766 943 909 1002 sine
964 946 1132 1008 omni
1189 955 1569 1033 exceptione
1611 960 1953 1027 reiicienda
2000 970 2085 1029 sit
2125 988 2356 1034 mono-

126 1063 389 1145 syllaba
445 1076 596 1131 ante
657 1085 1114 1142 consonantem
1182 1089 1284 1145 me·
1329 1086 1560 1171 forma,
1627 1101 1839 1158 tamen
1897 1099 2094 1163 multo
2157 1105 2347 1169 etiam

125 1464 234 1518 sat
285 1456 536 1521 lubrica
577 1459 701 1526 hac
758 1469 1131 1546 quaestione
1195 1488 1493 1541 constare
1538 1490 1647 1564 ut,
1711 1488 1878 1551 sitne
1922 1491 2032 1552 illa
2091 1497 2343 1559 omnino

124 1585 341 1665 aliqua
391 1590 760 1654 condicione
820 1596 1106 1661 admissa
1157 1619 1240 1665 an
1299 1615 1673 1674 constanter
1731 1618 2063 1696 repudiata
2117 1624 2179 1688 in
2223 1643 2345 1690 co·-

132 1727 421 1808 moeffia,
459 1731 728 1795 audeam
772 1732 1036 1798 definire
1092 1739 1546 1805 confidentius:
1611 1766 1833 1814 verum
1893 1755 1951 1815 si
2008 1757 2198 1820 modo
2241 1769 2345 1823 est

126 1860 461 1942 admissa,
532 1863 615 1925 de
666 1865 1038 1930 admittendi
1101 1872 1477 1938 condicione
1534 1878 1655 1942 hoc
1728 1883 1951 1964 videor
2019 1886 2341 1955 affirmare

122 2011 353 2078 posse,
397 2005 470 2058 ut
514 1998 594 2059 ab
637 2000 764 2061 arsi
792 2003 1122 2066 exclusam
1151 1975 1453 2070 soli—esse
1496 2010 1658 2072 thesi
1689 2014 2080 2080 tribuendam
2108 2018 2337 2084 dicam.

121 2128 205 2190 m
269 2130 335 2192 in
392 2129 562 2192 thesi
624 2131 874 2213 quidem
939 2155 1059 2200 nec
1115 2135 1405 2201 Catullus
1474 2139 1719 2225 defugit
1762 2148 1895 2232 'vel
1941 2153 2003 2210 in
2067 2150 2336 2215 iambico

123 2279 328 2323 versu
370 2277 632 2343 xxxvn,
683 2264 788 2329 112
1770 2233 1773 2236 Ἴ

292 2395 526 2459 Puella
565 2398 858 2489 nam-mi,
907 2416 1073 2481 quae
1117 2418 1264 2464 meo
1306 2401 1450 2463 sinu
1494 2403 1682 2486 fugit,
1763 2377 1767 2384 ’

121 2528 226 2590 vel
262 2529 328 2590 in
375 2528 516 2591 basi
557 2545 626 2606 v,
667 2530 725 2591 7.
768 2546 842 2612 x,
885 2530 1000 2595 21:

287 2661 392 2722 Da
438 2663 522 2723 mi
563 2661 744 2725 basia
788 2664 975 2745 mille,
1022 2663 1252 2729 deinde
1295 2674 1570 2729 centum.

296 2794 387 2854 At
428 2793 511 2853 mi
557 2795 769 2855 nullus
811 2805 952 2857 erat
992 2815 1203 2878 neque
1244 2797 1347 2860 hic
1388 2816 1596 2879 neque
1640 2800 1781 2867 illic.

120 2928 256 2992 Sed
329 2928 391 2989 in
454 2928 585 2988 arsi
649 2925 957 3010 dactylici
1028 2928 1277 2992 demum
1336 2942 1566 3012 poetae
1629 2936 1947 2998 ascivisse
2024 2938 2334 3011 videntur,

121 3058 321 3121 Vnde
363 3059 560 3121 semel
606 3061 770 3122 idem
818 3060 1111 3124 Catullus
1157 3081 1364 3143 mxu,
1406 3063 1483 3123 6:

283 3194 497 3254 Multo
540 3194 623 3254 mi
666 3202 879 3255 tamen
921 3211 997 3255 cs
1042 3193 1223 3255 uilior
1266 3206 1331 3256 et
1371 3193 1596 3256 leuior:

118 3334 183 3386 et
229 3326 582 3388 Lucretius
625 3330 827 3389 semel
873 3347 968 3408 ιιι,
1019 3330 1174 3390 1053

286 3460 686 3541 magnopere
734 3461 795 3521 iu
840 3478 968 3542 quo
1016 3464 1097 3522 mi
1144 3461 1380 3524 diuersi
1429 3482 1641 3525 errare
1683 3467 2010 3530 uidentur:

113 3592 268 3653 item
314 3592 518 3652 semel
562 3593 867 3655 Horatius
911 3595 1117 3657 Serm.
1162 3615 1210 3674 1,
1252 3597 1315 3676 9,
1360 3596 1476 3661 71:

288 3721 566 3819 Belligio
611 3732 730 3784 est.
775 3724 866 3785 At
909 3726 1027 3786 mix
1072 3745 1212 3788 sum
1259 3729 1466 3809 paullo
1510 3729 1828 3814 infirmior,
1873 3752 2061 3813 uuus,

109 3856 417 3935 quamvis
484 3856 565 3916 ibi
627 3856 1021 3920 commodum
1081 3859 1275 3920 fuerit
1337 3865 1491 3923 mist
1541 3864 1848 3926 scribere.
1956 3866 2176 3943 ltaque
2245 3862 2327 3924 de

111 3985 348 4048 Plauto
394 3988 450 4048 si
495 3995 669 4049 recte
713 3988 1082 4072 observavi,
1125 3993 1344 4055 nescio
1390 4012 1471 4055 au
1517 3993 1666 4054 ferri
1709 4000 1800 4055 mi
1840 4003 1901 4055 et
1949 3994 2008 4053 in
2040 3992 2329 4053 liberiore

110 4130 319 4181 metro
362 4122 779 4200 anapaestico
819 4125 1117 4205 potuerit,
1165 4128 1265 4186 cui
1306 4143 1447 4185 eam
1490 4124 1754 4186 sormam
1784 4144 1846 4205 p.
1870 4140 2173 4187 cmxxvii.
2201 4121 2328 4185 ad-

109 4252 310 4337 hibui,
355 4263 423 4316 et
463 4252 748 4318 fortasse
793 4258 857 4318 in
899 4275 1211 4321 caesurae
1256 4259 1622 4322 trochaicae
1666 4261 1762 4323 eis
1804 4261 2115 4343 exemplis
2154 4279 2324 4343 quae
