2824 4890
2003 355 2184 417 CCX
2207 360 2295 419 ΙΧ

129 505 393 586 sentietur
433 525 657 604 magis.
742 527 892 585 Non
932 537 1106 590 recte
1136 530 1351 610 igitur,
1397 530 1453 590 si
1492 531 1637 611 quid
1672 533 1888 614 video,
1921 535 1984 595 in
2013 538 2293 600 Bacchi-

121 656 267 717 dibus
325 675 398 717 se
444 656 635 719 habet
683 678 743 718 v.
795 659 958 721 1026
1001 661 1113 722 ΗΛ

260 827 376 888 Vei
424 826 506 889 da
548 825 818 908 diiquem
866 831 970 908 qui
1017 830 1234 891 serue't
1279 852 1396 893 me.
1445 835 1564 896 NI.
1610 839 1729 899 ohe
1775 839 1994 901 odiose
2042 841 2231 923 sacis,

124 1007 199 1066 cui
236 1028 307 1068 ne
348 1009 427 1068 ab
473 1008 686 1087 aliqua
743 1018 1048 1070 accentus
1095 1014 1317 1073 enclisi
1363 1014 1616 1095 quidem
1668 1017 2052 1096 praesidinm
2101 1037 2296 1099 para-

124 1149 224 1202 tum
257 1160 394 1202 esse
424 1142 879 1202 concesserim.
969 1142 1370 1226 Quapropter
1402 1160 1663 1210 servato
1699 1149 2035 1210 verborum
2072 1150 2292 1212 ordine

122 1279 204 1352 qui
242 1277 292 1337 in
335 1281 391 1339 B
434 1287 577 1357 est,
633 1277 838 1339 eiecto
897 1289 1147 1361 autem,
1219 1279 1387 1359 quod
1437 1300 1474 1342 e
1520 1283 1846 1363 proximae
1892 1283 2075 1344 vocis
2119 1283 2290 1344 initio

128 1417 326 1490 natum,
366 1411 485 1471 olee
534 1415 631 1473 sic
672 1411 921 1472 scribe:

263 1582 371 1644 Vel
413 1583 492 1645 da
538 1581 811 1662 cuiquem
859 1584 963 1665 qui
1008 1602 1109 1645 me
1153 1580 1393 1646 seruet.
1437 1582 1556 1644 Nl.
1598 1581 1820 1644 odiose
1865 1583 2043 1645 facis,

133 1757 713 1836 Anapaesticam
775 1767 981 1818 mitem
1051 1756 1110 1815 in
1170 1755 1354 1816 tertio
1423 1754 1586 1836 pede
1647 1773 1877 1817 vocem
1942 1776 2021 1817 ne
2084 1761 2285 1819 inter-

127 1890 334 1962 punctio
384 1887 634 1969 quidem
680 1888 839 1949 satis
884 1905 1243 1948 excusasse
1288 1885 1544 1948 videtur
1590 1890 1765 1960 (nam
1794 1888 1958 1947 Trio.
1997 1887 2112 1947 114
2155 1907 2275 1947 non

125 2029 240 2079 sunt
280 2041 378 2100 pro
422 2039 581 2081 vero
626 2027 974 2098 ainapaesto
1021 2025 1086 2078 et
1125 2017 1373 2094 iutimJ:
1423 2015 1650 2078 nedum
1698 2029 1764 2077 ut
1818 2017 1918 2078 ina
1976 2017 2274 2095 excipere

127 2151 246 2212 item
292 2152 753 2235 anapaestioam
802 2151 1032 2230 possit,
1081 2159 1150 2211 ut
1199 2150 1366 2212 'l'rin.
1412 2149 1578 2213 5942

260 2324 320 2382 ln
363 2318 723 2399 cimbiyuo'st
761 2323 950 2381 etia'm
992 2336 1183 2399 nunc,
1230 2317 1379 2397 quid
1425 2337 1502 2381 ea
1546 2318 1615 2380 re
1658 2319 1821 2400 fuat,

131 2488 208 2549 ubi
244 2491 391 2554 haud
433 2499 808 2555 cunctanter
850 2488 1384 2570 transponendum
1438 2498 1576 2552 erat
1624 2493 1708 2551 In
1764 2490 2057 2565 a'mbiquo
2099 2489 2289 2549 e'tiom

130 2636 269 2681 tmno
305 2632 407 2687 est.

262 2773 662 2857 Consequens
704 2776 818 2838 fuit
862 2784 932 2839 ut
975 2778 1162 2838 etiam
1210 2775 1268 2836 in
1313 2774 1876 2855 prioreparte
1920 2773 2289 2835 senario-

132 2916 295 2981 rum,
326 2925 482 2985 quae
511 2917 612 2968 est
657 2920 843 2971 ante
884 2927 1323 2989 caesuram,
1368 2905 1521 2967 nihil
1555 2876 1923 2968 offensionis
1950 2904 2285 2967 iambicum
2394 2978 2397 2981 ¹

133 3035 460 3099 vocabulum
508 3040 614 3100 vel
658 3038 716 3098 in
766 3058 804 3116 p
821 3058 852 3098 r
870 3039 964 3100 im
984 3057 1021 3099 o
1081 3039 1187 3099 vel
1229 3037 1291 3099 in
1333 3054 1367 3097 s
1385 3055 1422 3098 e
1438 3057 1475 3100 c
1496 3056 1531 3097 u
1549 3057 1586 3096 n
1607 3035 1643 3097 d
1664 3055 1699 3097 o
1746 3057 1783 3116 p
1804 3055 1840 3097 e
1857 3027 1951 3097 d'e
2001 3034 2284 3098 haberet.

134 3157 334 3235 Quodsi
374 3168 555 3249 longe
598 3168 918 3249 longeque
944 3172 1147 3230 rarius
1172 3168 1232 3229 in
1258 3166 1544 3229 secundo
1571 3177 1697 3247 est,
1742 3169 1882 3259 eius
1906 3168 1997 3229 rei
2029 3185 2152 3228 non
2186 3175 2292 3229 est

131 3289 229 3351 alia
248 3312 464 3358 caussa
490 3299 606 3359 nisi
630 3297 796 3380 quod
820 3300 1103 3360 binorum
1127 3298 1534 3360 iambieorum
1561 3299 2034 3358 continuitatem
2060 3307 2295 3377 poetae

131 3423 404 3508 fugerent,
445 3451 527 3493 ea
570 3443 780 3495 eutem
826 3431 1037 3513 paullo
1078 3430 1291 3492 durior
1316 3428 1475 3489 ratio
1509 3428 1890 3505 itatantum,
1934 3435 2005 3488 ut
2033 3426 2288 3488 duobus

131 3560 418 3625 vocabulis
463 3569 705 3644 primus
751 3550 878 3645 per
918 3571 1438 3644 componeretur,
1503 3560 1690 3624 vitari
1747 3566 2014 3637 poterat.
2112 3559 2288 3623 Hinc

129 3685 290 3760 igitur
328 3705 421 3756 est
461 3717 599 3776 cur,
646 3716 786 3758 cum
834 3714 954 3757 non
1003 3696 1193 3757 multa
1239 3701 1499 3755 exstent
1553 3691 1913 3754 huiusmodi
1971 3690 2143 3755 initia
2187 3697 2292 3763 (v.

126 3812 208 3875 8⁶·
241 3819 337 3883 94.
378 3826 515 3891 497.
555 3828 707 3890 570.
753 3828 885 3901 3.):

275 3979 476 4059 Atque
536 3979 596 4043 id
658 3983 867 4045 tamen

278 4108 415 4172 Non
484 4110 586 4174 hic
654 4113 867 4194 placet

274 4237 457 4304 Nunc
501 4240 568 4304 tit
609 4242 785 4306 scitis
