<?xml version="1.0" encoding="UTF-8"?>
<!DOCTYPE html PUBLIC "-//W3C//DTD XHTML 1.0 Transitional//EN"
    "http://www.w3.org/TR/xhtml1/DTD/xhtml1-transitional.dtd">
<html xmlns="http://www.w3.org/1999/xhtml" xml:lang="en" lang="en">
 <head>
  <title>
</title>
<meta http-equiv="Content-Type" content="text/html;charset=utf-8" />
  <meta name='ocr-system' content='tesseract 3.04.00' />
  <meta name='ocr-capabilities' content='ocr_page ocr_carea ocr_par ocr_line ocrx_word'/>
</head>
<body>
  <div class='ocr_page' id='page_1' title='image "./tmacciplauticom03ritsgoog_0174.png"; bbox 0 0 2824 4890; ppageno 0'>
   <div class='ocr_carea' id='block_1_1' title="bbox 517 398 800 460">
    <p class='ocr_par' dir='ltr' id='par_1_1' title="bbox 517 398 800 460">
     <span class='ocr_line' id='line_1_1' title="bbox 517 398 800 460; baseline -0.004 0"><span class='ocrx_word' id='word_1_1' title='bbox 517 398 800 460; x_wconf 66' lang='lat' dir='ltr'><strong>chxlv</strong></span> 
     </span>
    </p>
   </div>
   <div class='ocr_carea' id='block_1_2' title="bbox 514 579 2788 2658">
    <p class='ocr_par' dir='ltr' id='par_1_2' title="bbox 514 579 2788 2658">
     <span class='ocr_line' id='line_1_2' title="bbox 515 579 2707 661; baseline 0.001 -19"><span class='ocrx_word' id='word_1_2' title='bbox 515 583 653 643; x_wconf 83' lang='lat' dir='ltr'><strong>aliis</strong></span> <span class='ocrx_word' id='word_1_3' title='bbox 700 582 1031 642; x_wconf 87' lang='lat' dir='ltr'><strong>vocalibus</strong></span> <span class='ocrx_word' id='word_1_4' title='bbox 1082 581 1471 661; x_wconf 85' lang='lat' dir='ltr'><strong>insidentes,</strong></span> <span class='ocrx_word' id='word_1_5' title='bbox 1532 589 1595 642; x_wconf 84' lang='lat' dir='ltr'><strong>et</strong></span> <span class='ocrx_word' id='word_1_6' title='bbox 1648 602 1683 642; x_wconf 76' lang='lat' dir='ltr'><strong>e</strong></span> <span class='ocrx_word' id='word_1_7' title='bbox 1738 579 1989 660; x_wconf 83' lang='lat' dir='ltr'><strong>quidem</strong></span> <span class='ocrx_word' id='word_1_8' title='bbox 2047 600 2171 643; x_wconf 86' lang='lat' dir='ltr'><strong>non</strong></span> <span class='ocrx_word' id='word_1_9' title='bbox 2237 582 2299 642; x_wconf 86' lang='lat' dir='ltr'><strong>in</strong></span> <span class='ocrx_word' id='word_1_10' title='bbox 2361 581 2707 644; x_wconf 83' lang='lat' dir='ltr'><strong>nominibus</strong></span> 
     </span>
     <span class='ocr_line' id='line_1_3' title="bbox 514 713 2711 791; baseline 0.002 -18"><span class='ocrx_word' id='word_1_11' title='bbox 514 723 756 775; x_wconf 81' lang='lat' dir='ltr'><strong>tantum</strong></span> <span class='ocrx_word' id='word_1_12' title='bbox 801 717 1017 775; x_wconf 72' lang='lat' dir='ltr'><strong>deus</strong></span> <span class='ocrx_word' id='word_1_13' title='bbox 1061 733 1121 772; x_wconf 86' lang='lat' dir='ltr'><strong>m</strong></span> <span class='ocrx_word' id='word_1_14' title='bbox 1146 734 1301 774; x_wconf 64' lang='lat' dir='ltr'><strong>erte</strong></span> <span class='ocrx_word' id='word_1_15' title='bbox 1348 722 1411 774; x_wconf 86' lang='lat' dir='ltr'><strong>et</strong></span> <span class='ocrx_word' id='word_1_16' title='bbox 1452 716 1524 773; x_wconf 74' lang='lat' dir='ltr'><strong>is</strong></span> <span class='ocrx_word' id='word_1_17' title='bbox 1582 714 1674 771; x_wconf 72' lang='lat' dir='ltr'><strong>id</strong></span> <span class='ocrx_word' id='word_1_18' title='bbox 1688 732 1724 772; x_wconf 79' lang='lat' dir='ltr'><strong>e</strong></span> <span class='ocrx_word' id='word_1_19' title='bbox 1744 732 1806 772; x_wconf 87' lang='lat' dir='ltr'><strong>m</strong></span> <span class='ocrx_word' id='word_1_20' title='bbox 1845 713 2277 791; x_wconf 80' lang='lat' dir='ltr'><strong>pronominum</strong></span> <span class='ocrx_word' id='word_1_21' title='bbox 2314 713 2546 777; x_wconf 82' lang='lat' dir='ltr'><strong>formis</strong></span> <span class='ocrx_word' id='word_1_22' title='bbox 2581 735 2711 778; x_wconf 87' lang='lat' dir='ltr'><strong>om-</strong></span> 
     </span>
     <span class='ocr_line' id='line_1_4' title="bbox 516 842 2714 921; baseline 0.001 -18"><span class='ocrx_word' id='word_1_23' title='bbox 516 844 829 921; x_wconf 71' lang='lat' dir='ltr'><strong>nibus*),</strong></span> <span class='ocrx_word' id='word_1_24' title='bbox 889 843 1003 902; x_wconf 83' lang='lat' dir='ltr'><strong>sed</strong></span> <span class='ocrx_word' id='word_1_25' title='bbox 1052 845 1242 904; x_wconf 79' lang='lat' dir='ltr'><strong>etiam</strong></span> <span class='ocrx_word' id='word_1_26' title='bbox 1302 845 1363 902; x_wconf 89' lang='lat' dir='ltr'><strong>in</strong></span> <span class='ocrx_word' id='word_1_27' title='bbox 1418 847 1513 904; x_wconf 74' lang='lat' dir='ltr'><strong>ire</strong></span> <span class='ocrx_word' id='word_1_28' title='bbox 1570 843 1752 903; x_wconf 85' lang='lat' dir='ltr'><strong>verbi</strong></span> <span class='ocrx_word' id='word_1_29' title='bbox 1797 842 2016 903; x_wconf 84' lang='lat' dir='ltr'><strong>formis</strong></span> <span class='ocrx_word' id='word_1_30' title='bbox 2061 845 2211 904; x_wconf 87' lang='lat' dir='ltr'><strong>item</strong></span> <span class='ocrx_word' id='word_1_31' title='bbox 2256 845 2589 910; x_wconf 82' lang='lat' dir='ltr'><strong>omnibus:</strong></span> <span class='ocrx_word' id='word_1_32' title='bbox 2641 865 2714 907; x_wconf 81' lang='lat' dir='ltr'><strong>eo</strong></span> 
     </span>
     <span class='ocr_line' id='line_1_5' title="bbox 516 973 2718 1056; baseline 0.001 -20"><span class='ocrx_word' id='word_1_33' title='bbox 516 996 672 1036; x_wconf 84' lang='lat' dir='ltr'><strong>eam</strong></span> <span class='ocrx_word' id='word_1_34' title='bbox 717 996 854 1035; x_wconf 80' lang='lat' dir='ltr'><strong>eas</strong></span> <span class='ocrx_word' id='word_1_35' title='bbox 898 983 1030 1033; x_wconf 82' lang='lat' dir='ltr'><strong>ea!</strong></span> <span class='ocrx_word' id='word_1_36' title='bbox 1071 973 1949 1054; x_wconf 70' lang='lat' dir='ltr'><strong>eamu8(v.1078)ealis</strong></span> <span class='ocrx_word' id='word_1_37' title='bbox 1989 983 2184 1037; x_wconf 80' lang='lat' dir='ltr'><strong>eant</strong></span> <span class='ocrx_word' id='word_1_38' title='bbox 2222 985 2287 1037; x_wconf 84' lang='lat' dir='ltr'><strong>ct</strong></span> <span class='ocrx_word' id='word_1_39' title='bbox 2332 984 2539 1038; x_wconf 76' lang='lat' dir='ltr'><strong>eunt.</strong></span> <span class='ocrx_word' id='word_1_40' title='bbox 2586 975 2718 1056; x_wconf 81' lang='lat' dir='ltr'><strong>Quo</strong></span> 
     </span>
     <span class='ocr_line' id='line_1_6' title="bbox 517 1112 2722 1193; baseline 0 -19"><span class='ocrx_word' id='word_1_41' title='bbox 517 1114 755 1175; x_wconf 83' lang='lat' dir='ltr'><strong>firmins</strong></span> <span class='ocrx_word' id='word_1_42' title='bbox 799 1113 943 1174; x_wconf 88' lang='lat' dir='ltr'><strong>illud</strong></span> <span class='ocrx_word' id='word_1_43' title='bbox 992 1112 1352 1192; x_wconf 81' lang='lat' dir='ltr'><strong>tenendum,</strong></span> <span class='ocrx_word' id='word_1_44' title='bbox 1403 1130 1741 1193; x_wconf 78' lang='lat' dir='ltr'><strong>numquam</strong></span> <span class='ocrx_word' id='word_1_45' title='bbox 1782 1114 2049 1173; x_wconf 86' lang='lat' dir='ltr'><strong>similem</strong></span> <span class='ocrx_word' id='word_1_46' title='bbox 2087 1114 2595 1176; x_wconf 88' lang='lat' dir='ltr'><strong>contractionem</strong></span> <span class='ocrx_word' id='word_1_47' title='bbox 2632 1116 2722 1174; x_wconf 85' lang='lat' dir='ltr'><strong>vel</strong></span> 
     </span>
     <span class='ocr_line' id='line_1_7' title="bbox 517 1242 2721 1328; baseline 0.002 -26"><span class='ocrx_word' id='word_1_48' title='bbox 517 1246 576 1303; x_wconf 89' lang='lat' dir='ltr'><strong>in</strong></span> <span class='ocrx_word' id='word_1_49' title='bbox 616 1242 944 1304; x_wconf 85' lang='lat' dir='ltr'><strong>secundae</strong></span> <span class='ocrx_word' id='word_1_50' title='bbox 990 1245 1456 1327; x_wconf 82' lang='lat' dir='ltr'><strong>coniugationis</strong></span> <span class='ocrx_word' id='word_1_51' title='bbox 1500 1244 1740 1305; x_wconf 83' lang='lat' dir='ltr'><strong>formas</strong></span> <span class='ocrx_word' id='word_1_52' title='bbox 1783 1263 2003 1305; x_wconf 83' lang='lat' dir='ltr'><strong>moneo</strong></span> <span class='ocrx_word' id='word_1_53' title='bbox 2046 1263 2309 1306; x_wconf 69' lang='lat' dir='ltr'><strong>moneas</strong></span> <span class='ocrx_word' id='word_1_54' title='bbox 2338 1254 2721 1328; x_wconf 79' lang='lat' dir='ltr'><strong>ceterasque</strong></span> 
     </span>
     <span class='ocr_line' id='line_1_8' title="bbox 522 1347 2723 1457; baseline 0.002 -21"><span class='ocrx_word' id='word_1_55' title='bbox 522 1392 834 1455; x_wconf 77' lang='lat' dir='ltr'>personas</span> <span class='ocrx_word' id='word_1_56' title='bbox 879 1373 1111 1437; x_wconf 89' lang='lat' dir='ltr'><strong>cadere</strong></span> <span class='ocrx_word' id='word_1_57' title='bbox 1157 1377 1257 1436; x_wconf 84' lang='lat' dir='ltr'><strong>vel</strong></span> <span class='ocrx_word' id='word_1_58' title='bbox 1303 1347 1383 1436; x_wconf 91' lang='lat' dir='ltr'><strong>ad</strong></span> <span class='ocrx_word' id='word_1_59' title='bbox 1426 1377 1563 1456; x_wconf 88' lang='lat' dir='ltr'><strong>ipsa</strong></span> <span class='ocrx_word' id='word_1_60' title='bbox 1610 1376 1962 1456; x_wconf 80' lang='lat' dir='ltr'><strong>composita</strong></span> <span class='ocrx_word' id='word_1_61' title='bbox 2008 1395 2046 1437; x_wconf 92' lang='lat' dir='ltr'><strong>a</strong></span> <span class='ocrx_word' id='word_1_62' title='bbox 2089 1377 2364 1457; x_wconf 76' lang='lat' dir='ltr'><strong>simplici</strong></span> <span class='ocrx_word' id='word_1_63' title='bbox 2398 1382 2496 1438; x_wconf 79' lang='lat' dir='ltr'><strong>ire</strong></span> <span class='ocrx_word' id='word_1_64' title='bbox 2529 1379 2723 1440; x_wconf 81' lang='lat' dir='ltr'><strong>verba</strong></span> 
     </span>
     <span class='ocr_line' id='line_1_9' title="bbox 521 1507 2726 1589; baseline 0.002 -22"><span class='ocrx_word' id='word_1_65' title='bbox 521 1508 940 1589; x_wconf 74' lang='lat' dir='ltr'><strong>pertinuisset</strong></span> <span class='ocrx_word' id='word_1_66' title='bbox 985 1507 1267 1570; x_wconf 83' lang='lat' dir='ltr'><strong>inaudita</strong></span> <span class='ocrx_word' id='word_1_67' title='bbox 1309 1511 1477 1570; x_wconf 90' lang='lat' dir='ltr'><strong>enim</strong></span> <span class='ocrx_word' id='word_1_68' title='bbox 1524 1517 1673 1570; x_wconf 86' lang='lat' dir='ltr'><strong>sunt</strong></span> <span class='ocrx_word' id='word_1_69' title='bbox 1714 1508 2027 1589; x_wconf 83' lang='lat' dir='ltr'><strong>bisyllaba</strong></span> <span class='ocrx_word' id='word_1_70' title='bbox 2080 1512 2228 1570; x_wconf 81' lang='lat' dir='ltr'><strong>abeo</strong></span> <span class='ocrx_word' id='word_1_71' title='bbox 2271 1511 2495 1570; x_wconf 80' lang='lat' dir='ltr'><strong>adeam</strong></span> <span class='ocrx_word' id='word_1_72' title='bbox 2556 1515 2726 1572; x_wconf 73' lang='lat' dir='ltr'><strong>ineas</strong></span> 
     </span>
     <span class='ocr_line' id='line_1_10' title="bbox 522 1639 2721 1725; baseline 0.001 -24"><span class='ocrx_word' id='word_1_73' title='bbox 522 1643 746 1701; x_wconf 74' lang='lat' dir='ltr'><strong>subeat</strong></span> <span class='ocrx_word' id='word_1_74' title='bbox 793 1648 1065 1718; x_wconf 81' lang='lat' dir='ltr'><strong>pereant</strong></span> <span class='ocrx_word' id='word_1_75' title='bbox 1117 1643 1421 1702; x_wconf 79' lang='lat' dir='ltr'><strong>redeunt:</strong></span> <span class='ocrx_word' id='word_1_76' title='bbox 1475 1639 2000 1721; x_wconf 75' lang='lat' dir='ltr'><strong>quemadmodum</strong></span> <span class='ocrx_word' id='word_1_77' title='bbox 2062 1661 2141 1701; x_wconf 86' lang='lat' dir='ltr'><strong>nc</strong></span> <span class='ocrx_word' id='word_1_78' title='bbox 2187 1661 2539 1722; x_wconf 83' lang='lat' dir='ltr'><strong>pronomen</strong></span> <span class='ocrx_word' id='word_1_79' title='bbox 2591 1646 2721 1725; x_wconf 88' lang='lat' dir='ltr'><strong>qui·</strong></span> 
     </span>
     <span class='ocr_line' id='line_1_11' title="bbox 527 1772 2723 1854; baseline -0 -19"><span class='ocrx_word' id='word_1_80' title='bbox 527 1773 669 1836; x_wconf 87' lang='lat' dir='ltr'><strong>dem</strong></span> <span class='ocrx_word' id='word_1_81' title='bbox 728 1775 829 1835; x_wconf 89' lang='lat' dir='ltr'><strong>vel</strong></span> <span class='ocrx_word' id='word_1_82' title='bbox 888 1772 1254 1835; x_wconf 80' lang='lat' dir='ltr'><strong>adverbium</strong></span> <span class='ocrx_word' id='word_1_83' title='bbox 1312 1794 1384 1834; x_wconf 84' lang='lat' dir='ltr'><strong>eo</strong></span> <span class='ocrx_word' id='word_1_84' title='bbox 1427 1773 1931 1854; x_wconf 74' lang='lat' dir='ltr'><strong>monosyllabum</strong></span> <span class='ocrx_word' id='word_1_85' title='bbox 1980 1778 2563 1852; x_wconf 77' lang='lat' dir='ltr'><strong>pronuntiationem</strong></span> <span class='ocrx_word' id='word_1_86' title='bbox 2618 1795 2723 1836; x_wconf 88' lang='lat' dir='ltr'><strong>un-</strong></span> 
     </span>
     <span class='ocr_line' id='line_1_12' title="bbox 528 1908 2728 1990; baseline 0 -20"><span class='ocrx_word' id='word_1_87' title='bbox 528 1926 714 1990; x_wconf 89' lang='lat' dir='ltr'><strong>quam</strong></span> <span class='ocrx_word' id='word_1_88' title='bbox 763 1908 821 1968; x_wconf 92' lang='lat' dir='ltr'><strong>in</strong></span> <span class='ocrx_word' id='word_1_89' title='bbox 867 1908 1218 1987; x_wconf 86' lang='lat' dir='ltr'><strong>composita</strong></span> <span class='ocrx_word' id='word_1_90' title='bbox 1261 1911 1416 1969; x_wconf 82' lang='lat' dir='ltr'><strong>adeo</strong></span> <span class='ocrx_word' id='word_1_91' title='bbox 1461 1908 1772 1990; x_wconf 86' lang='lat' dir='ltr'><strong>particula</strong></span> <span class='ocrx_word' id='word_1_92' title='bbox 1815 1908 2119 1969; x_wconf 82' lang='lat' dir='ltr'><strong>servavit.</strong></span> <span class='ocrx_word' id='word_1_93' title='bbox 2210 1909 2360 1969; x_wconf 86' lang='lat' dir='ltr'><strong>Nisi</strong></span> <span class='ocrx_word' id='word_1_94' title='bbox 2397 1910 2728 1988; x_wconf 62' lang='lat' dir='ltr'><strong>quodgex·</strong></span> 
     </span>
     <span class='ocr_line' id='line_1_13' title="bbox 529 2039 2727 2121; baseline -0.002 -17"><span class='ocrx_word' id='word_1_95' title='bbox 529 2049 719 2121; x_wconf 84' lang='lat' dir='ltr'><strong>cepta</strong></span> <span class='ocrx_word' id='word_1_96' title='bbox 768 2059 916 2103; x_wconf 88' lang='lat' dir='ltr'><strong>esse</strong></span> <span class='ocrx_word' id='word_1_97' title='bbox 961 2058 1040 2102; x_wconf 86' lang='lat' dir='ltr'><strong>ea</strong></span> <span class='ocrx_word' id='word_1_98' title='bbox 1083 2039 1414 2121; x_wconf 84' lang='lat' dir='ltr'><strong>videntur,</strong></span> <span class='ocrx_word' id='word_1_99' title='bbox 1474 2058 1638 2120; x_wconf 86' lang='lat' dir='ltr'><strong>quae</strong></span> <span class='ocrx_word' id='word_1_100' title='bbox 1698 2041 1951 2120; x_wconf 86' lang='lat' dir='ltr'><strong>longam</strong></span> <span class='ocrx_word' id='word_1_101' title='bbox 1997 2039 2310 2120; x_wconf 78' lang='lat' dir='ltr'><strong>syllabam</strong></span> <span class='ocrx_word' id='word_1_102' title='bbox 2358 2048 2422 2102; x_wconf 79' lang='lat' dir='ltr'><strong>et</strong></span> <span class='ocrx_word' id='word_1_103' title='bbox 2470 2050 2635 2103; x_wconf 89' lang='lat' dir='ltr'><strong>ante</strong></span> <span class='ocrx_word' id='word_1_104' title='bbox 2676 2049 2727 2102; x_wconf 79' lang='lat' dir='ltr'><strong>et</strong></span> 
     </span>
     <span class='ocr_line' id='line_1_14' title="bbox 529 2171 2731 2256; baseline -0.004 -18"><span class='ocrx_word' id='word_1_105' title='bbox 529 2184 677 2256; x_wconf 83' lang='lat' dir='ltr'><strong>post</strong></span> <span class='ocrx_word' id='word_1_106' title='bbox 715 2196 751 2237; x_wconf 83' lang='lat' dir='ltr'><strong>e</strong></span> <span class='ocrx_word' id='word_1_107' title='bbox 791 2173 1061 2255; x_wconf 84' lang='lat' dir='ltr'><strong>babent,</strong></span> <span class='ocrx_word' id='word_1_108' title='bbox 1128 2183 1196 2235; x_wconf 91' lang='lat' dir='ltr'><strong>ut</strong></span> <span class='ocrx_word' id='word_1_109' title='bbox 1236 2175 1519 2236; x_wconf 82' lang='lat' dir='ltr'><strong>fortasse</strong></span> <span class='ocrx_word' id='word_1_110' title='bbox 1556 2178 1993 2233; x_wconf 73' lang='lat' dir='ltr'><strong>transeuntem</strong></span> <span class='ocrx_word' id='word_1_111' title='bbox 2039 2172 2169 2234; x_wconf 83' lang='lat' dir='ltr'><strong>Mil.</strong></span> <span class='ocrx_word' id='word_1_112' title='bbox 2216 2190 2309 2252; x_wconf 81' lang='grc' dir='ltr'><strong>ιιι,</strong></span> <span class='ocrx_word' id='word_1_113' title='bbox 2358 2171 2416 2251; x_wconf 87' lang='lat'><strong>1,</strong></span> <span class='ocrx_word' id='word_1_114' title='bbox 2458 2172 2600 2254; x_wconf 76' lang='lat'><strong>82,</strong></span> <span class='ocrx_word' id='word_1_115' title='bbox 2665 2171 2731 2234; x_wconf 80' lang='lat' dir='ltr'><strong>de</strong></span> 
     </span>
     <span class='ocr_line' id='line_1_15' title="bbox 530 2306 2735 2392; baseline 0.001 -21"><span class='ocrx_word' id='word_1_116' title='bbox 530 2329 652 2392; x_wconf 90' lang='lat' dir='ltr'><strong>quo</strong></span> <span class='ocrx_word' id='word_1_117' title='bbox 704 2328 898 2372; x_wconf 89' lang='lat' dir='ltr'><strong>versu</strong></span> <span class='ocrx_word' id='word_1_118' title='bbox 957 2326 1124 2372; x_wconf 88' lang='lat' dir='ltr'><strong>nunc</strong></span> <span class='ocrx_word' id='word_1_119' title='bbox 1181 2307 1600 2369; x_wconf 85' lang='lat' dir='ltr'><strong>cohibendum</strong></span> <span class='ocrx_word' id='word_1_120' title='bbox 1659 2306 1995 2387; x_wconf 86' lang='lat' dir='ltr'><strong>iudicium,</strong></span> <span class='ocrx_word' id='word_1_121' title='bbox 2058 2316 2121 2368; x_wconf 85' lang='lat' dir='ltr'><strong>et</strong></span> <span class='ocrx_word' id='word_1_122' title='bbox 2176 2307 2379 2370; x_wconf 88' lang='lat' dir='ltr'><strong>eiusd.</strong></span> <span class='ocrx_word' id='word_1_123' title='bbox 2429 2327 2492 2388; x_wconf 83' lang='lat'><strong>1,</strong></span> <span class='ocrx_word' id='word_1_124' title='bbox 2555 2314 2616 2391; x_wconf 81' lang='lat'><strong>¹,</strong></span> <span class='ocrx_word' id='word_1_125' title='bbox 2662 2309 2735 2372; x_wconf 79' lang='lat'><strong>69</strong></span> 
     </span>
     <span class='ocr_line' id='line_1_16' title="bbox 529 2440 2788 2525; baseline 0.001 -20"><span class='ocrx_word' id='word_1_126' title='bbox 529 2442 905 2525; x_wconf 88' lang='lat' dir='ltr'><strong>bisyllabum</strong></span> <span class='ocrx_word' id='word_1_127' title='bbox 952 2442 1270 2502; x_wconf 79' lang='lat' dir='ltr'><strong>ambiunt:</strong></span> <span class='ocrx_word' id='word_1_128' title='bbox 1324 2440 1383 2501; x_wconf 93' lang='lat' dir='ltr'><strong>in</strong></span> <span class='ocrx_word' id='word_1_129' title='bbox 1428 2458 1549 2521; x_wconf 90' lang='lat' dir='ltr'><strong>quo</strong></span> <span class='ocrx_word' id='word_1_130' title='bbox 1594 2440 1796 2503; x_wconf 86' lang='lat' dir='ltr'><strong>verbo</strong></span> <span class='ocrx_word' id='word_1_131' title='bbox 1839 2443 1963 2502; x_wconf 84' lang='lat' dir='ltr'><strong>etsi</strong></span> <span class='ocrx_word' id='word_1_132' title='bbox 2008 2440 2408 2503; x_wconf 84' lang='lat' dir='ltr'><strong>consuetudo</strong></span> <span class='ocrx_word' id='word_1_133' title='bbox 2454 2449 2481 2503; x_wconf 80' lang='lat' dir='ltr'><strong>i</strong></span> <span class='ocrx_word' id='word_1_134' title='bbox 2529 2462 2730 2507; x_wconf 76' lang='lat' dir='ltr'><strong>voca·-</strong></span> <span class='ocrx_word' id='word_1_135' title='bbox 2787 2518 2788 2523; x_wconf 8' lang='grc' dir='ltr'>γ</span> 
     </span>
     <span class='ocr_line' id='line_1_17' title="bbox 528 2574 2731 2658; baseline 0 -19"><span class='ocrx_word' id='word_1_136' title='bbox 528 2578 651 2640; x_wconf 88' lang='lat' dir='ltr'><strong>lem</strong></span> <span class='ocrx_word' id='word_1_137' title='bbox 699 2597 810 2658; x_wconf 92' lang='lat' dir='ltr'><strong>pro</strong></span> <span class='ocrx_word' id='word_1_138' title='bbox 855 2598 889 2637; x_wconf 81' lang='lat' dir='ltr'><strong>e</strong></span> <span class='ocrx_word' id='word_1_139' title='bbox 937 2576 1270 2656; x_wconf 86' lang='lat' dir='ltr'><strong>probavit,</strong></span> <span class='ocrx_word' id='word_1_140' title='bbox 1315 2583 1529 2636; x_wconf 82' lang='lat' dir='ltr'><strong>tamen</strong></span> <span class='ocrx_word' id='word_1_141' title='bbox 1576 2577 1739 2635; x_wconf 86' lang='lat' dir='ltr'><strong>ratio</strong></span> <span class='ocrx_word' id='word_1_142' title='bbox 1783 2575 2003 2637; x_wconf 89' lang='lat' dir='ltr'><strong>eadem</strong></span> <span class='ocrx_word' id='word_1_143' title='bbox 2050 2585 2170 2636; x_wconf 87' lang='lat' dir='ltr'><strong>cst.</strong></span> <span class='ocrx_word' id='word_1_144' title='bbox 2283 2574 2415 2636; x_wconf 82' lang='lat' dir='ltr'><strong>Sed</strong></span> <span class='ocrx_word' id='word_1_145' title='bbox 2463 2581 2731 2649; x_wconf 63' lang='lat' dir='ltr'><strong>amedeo,</strong></span> 
     </span>
    </p>
   </div>
   <div class='ocr_carea' id='block_1_3' title="bbox 528 2705 2015 2787">
    <p class='ocr_par' dir='ltr' id='par_1_3' title="bbox 528 2705 2015 2787">
     <span class='ocr_line' id='line_1_18' title="bbox 528 2705 2015 2787; baseline -0.004 -14"><span class='ocrx_word' id='word_1_146' title='bbox 528 2716 856 2773; x_wconf 72' lang='lat' dir='ltr'><strong>intereunt</strong></span> <span class='ocrx_word' id='word_1_147' title='bbox 891 2717 957 2767; x_wconf 84' lang='lat' dir='ltr'><strong>et</strong></span> <span class='ocrx_word' id='word_1_148' title='bbox 998 2707 1228 2768; x_wconf 89' lang='lat' dir='ltr'><strong>similia</strong></span> <span class='ocrx_word' id='word_1_149' title='bbox 1271 2706 1604 2787; x_wconf 72' lang='lat' dir='ltr'><strong>trisyllaba</strong></span> <span class='ocrx_word' id='word_1_150' title='bbox 1651 2723 1771 2766; x_wconf 90' lang='lat' dir='ltr'><strong>non</strong></span> <span class='ocrx_word' id='word_1_151' title='bbox 1820 2705 2015 2767; x_wconf 82' lang='lat' dir='ltr'><strong>fuere.</strong></span> 
     </span>
    </p>
   </div>
   <div class='ocr_carea' id='block_1_4' title="bbox 2784 2171 2791 3015">
    <p class='ocr_par' dir='ltr' id='par_1_4' title="bbox 2784 2171 2791 3015">
     <span class='ocr_line' id='line_1_19' title="bbox 2784 2171 2791 3015; baseline 0 0"><span class='ocrx_word' id='word_1_152' title='bbox 2784 2171 2791 3015; x_wconf 95' lang='lat' dir='ltr'><strong> </strong></span> 
     </span>
    </p>
   </div>
   <div class='ocr_carea' id='block_1_5' title="bbox 533 2837 2784 3895">
    <p class='ocr_par' dir='ltr' id='par_1_5' title="bbox 533 2837 2784 3895">
     <span class='ocr_line' id='line_1_20' title="bbox 701 2837 2740 2922; baseline -0.001 -20"><span class='ocrx_word' id='word_1_153' title='bbox 701 2843 992 2919; x_wconf 83' lang='lat' dir='ltr'><strong>Denique</strong></span> <span class='ocrx_word' id='word_1_154' title='bbox 1035 2859 1079 2899; x_wconf 78' lang='lat' dir='ltr'><strong>u</strong></span> <span class='ocrx_word' id='word_1_155' title='bbox 1123 2840 1414 2899; x_wconf 85' lang='lat' dir='ltr'><strong>vocalem</strong></span> <span class='ocrx_word' id='word_1_156' title='bbox 1458 2855 1644 2899; x_wconf 87' lang='lat' dir='ltr'><strong>nemo</strong></span> <span class='ocrx_word' id='word_1_157' title='bbox 1688 2837 1941 2919; x_wconf 86' lang='lat' dir='ltr'><strong>ignorat</strong></span> <span class='ocrx_word' id='word_1_158' title='bbox 1982 2843 2154 2900; x_wconf 85' lang='lat' dir='ltr'><strong>coire</strong></span> <span class='ocrx_word' id='word_1_159' title='bbox 2191 2855 2335 2899; x_wconf 90' lang='lat' dir='ltr'><strong>cum</strong></span> <span class='ocrx_word' id='word_1_160' title='bbox 2373 2842 2740 2922; x_wconf 79' lang='lat' dir='ltr'><strong>insequenti</strong></span> 
     </span>
     <span class='ocr_line' id='line_1_21' title="bbox 535 2969 2738 3047; baseline -0.001 -13"><span class='ocrx_word' id='word_1_161' title='bbox 535 2992 657 3035; x_wconf 91' lang='lat' dir='ltr'><strong>non</strong></span> <span class='ocrx_word' id='word_1_162' title='bbox 703 2979 941 3033; x_wconf 77' lang='lat' dir='ltr'><strong>tantum</strong></span> <span class='ocrx_word' id='word_1_163' title='bbox 991 2970 1050 3030; x_wconf 90' lang='lat' dir='ltr'><strong>in</strong></span> <span class='ocrx_word' id='word_1_164' title='bbox 1094 2971 1533 3041; x_wconf 81' lang='lat' dir='ltr'><strong>duellum,</strong></span> <span class='ocrx_word' id='word_1_165' title='bbox 1599 2969 1714 3030; x_wconf 88' lang='lat' dir='ltr'><strong>sed</strong></span> <span class='ocrx_word' id='word_1_166' title='bbox 1774 2969 1964 3031; x_wconf 83' lang='lat' dir='ltr'><strong>etiam</strong></span> <span class='ocrx_word' id='word_1_167' title='bbox 2031 2971 2089 3029; x_wconf 89' lang='lat' dir='ltr'><strong>in</strong></span> <span class='ocrx_word' id='word_1_168' title='bbox 2151 2977 2402 3047; x_wconf 71' lang='lat' dir='ltr'><strong>tuus,</strong></span> <span class='ocrx_word' id='word_1_169' title='bbox 2472 2994 2738 3045; x_wconf 73' lang='lat' dir='ltr'><strong>suus,</strong></span> 
     </span>
     <span class='ocr_line' id='line_1_22' title="bbox 537 3098 2784 3180; baseline -0.001 -16"><span class='ocrx_word' id='word_1_170' title='bbox 537 3105 701 3164; x_wconf 82' lang='lat' dir='ltr'><strong>duo</strong></span> <span class='ocrx_word' id='word_1_171' title='bbox 742 3103 963 3161; x_wconf 78' lang='lat' dir='ltr'><strong>duas</strong></span> <span class='ocrx_word' id='word_1_172' title='bbox 1010 3098 1640 3180; x_wconf 70' lang='lat' dir='ltr'><strong>[Trin.775.1052)‚</strong></span> <span class='ocrx_word' id='word_1_173' title='bbox 1687 3107 2120 3180; x_wconf 79' lang='lat' dir='ltr'><strong>quattuor:</strong></span> <span class='ocrx_word' id='word_1_174' title='bbox 2167 3103 2357 3163; x_wconf 84' lang='lat' dir='ltr'><strong>etiam</strong></span> <span class='ocrx_word' id='word_1_175' title='bbox 2403 3103 2464 3163; x_wconf 88' lang='lat' dir='ltr'><strong>in</strong></span> <span class='ocrx_word' id='word_1_176' title='bbox 2504 3124 2784 3180; x_wconf 49' lang='lat' dir='ltr'><strong>puer.¹</strong></span> 
     </span>
     <span class='ocr_line' id='line_1_23' title="bbox 533 3162 2784 3313; baseline -0.001 -19"><span class='ocrx_word' id='word_1_177' title='bbox 533 3232 842 3313; x_wconf 78' lang='lat' dir='ltr'><strong>puella,</strong></span> <span class='ocrx_word' id='word_1_178' title='bbox 890 3250 1208 3313; x_wconf 87' lang='lat' dir='ltr'><strong>nunquam</strong></span> <span class='ocrx_word' id='word_1_179' title='bbox 1255 3240 1468 3293; x_wconf 85' lang='lat' dir='ltr'><strong>tamen</strong></span> <span class='ocrx_word' id='word_1_180' title='bbox 1511 3231 1569 3292; x_wconf 88' lang='lat' dir='ltr'><strong>in</strong></span> <span class='ocrx_word' id='word_1_181' title='bbox 1606 3236 1798 3308; x_wconf 77' lang='lat' dir='ltr'><strong>pueri</strong></span> <span class='ocrx_word' id='word_1_182' title='bbox 1832 3251 2032 3312; x_wconf 79' lang='lat' dir='ltr'><strong>puero</strong></span> <span class='ocrx_word' id='word_1_183' title='bbox 2071 3244 2135 3294; x_wconf 83' lang='lat' dir='ltr'><strong>et</strong></span> <span class='ocrx_word' id='word_1_184' title='bbox 2171 3233 2406 3295; x_wconf 84' lang='lat' dir='ltr'><strong>ceteris</strong></span> <span class='ocrx_word' id='word_1_185' title='bbox 2446 3236 2744 3296; x_wconf 82' lang='lat' dir='ltr'><strong>casibus:</strong></span> <span class='ocrx_word' id='word_1_186' title='bbox 2782 3162 2784 3307; x_wconf 57' lang='lat'><strong>⁴</strong></span> 
     </span>
     <span class='ocr_line' id='line_1_24' title="bbox 536 3364 2782 3448; baseline -0.002 -19"><span class='ocrx_word' id='word_1_187' title='bbox 536 3375 872 3447; x_wconf 86' lang='lat' dir='ltr'><strong>praeterea</strong></span> <span class='ocrx_word' id='word_1_188' title='bbox 933 3367 993 3427; x_wconf 89' lang='lat' dir='ltr'><strong>in</strong></span> <span class='ocrx_word' id='word_1_189' title='bbox 1046 3369 1191 3444; x_wconf 79' lang='lat' dir='ltr'><strong>fui</strong></span> <span class='ocrx_word' id='word_1_190' title='bbox 1248 3364 1426 3437; x_wconf 73' lang='lat'>(102.</span> <span class='ocrx_word' id='word_1_191' title='bbox 1475 3364 1673 3439; x_wconf 87' lang='grc'>1090)</span> <span class='ocrx_word' id='word_1_192' title='bbox 1739 3384 1880 3428; x_wconf 86' lang='lat' dir='ltr'><strong>cum</strong></span> <span class='ocrx_word' id='word_1_193' title='bbox 1928 3366 2188 3446; x_wconf 74' lang='lat' dir='ltr'><strong>reliquis</strong></span> <span class='ocrx_word' id='word_1_194' title='bbox 2234 3366 2456 3428; x_wconf 72' lang='lat' dir='ltr'><strong>formis</strong></span> <span class='ocrx_word' id='word_1_195' title='bbox 2501 3386 2678 3448; x_wconf 81' lang='lat' dir='ltr'><strong>quae</strong></span> <span class='ocrx_word' id='word_1_196' title='bbox 2717 3387 2743 3424; x_wconf 81' lang='lat' dir='ltr'><strong>r</strong></span> <span class='ocrx_word' id='word_1_197' title='bbox 2780 3390 2782 3443; x_wconf 48' lang='lat'><strong><em>4</em></strong></span> 
     </span>
     <span class='ocr_line' id='line_1_25' title="bbox 537 3492 2782 3601; baseline 0 -38"><span class='ocrx_word' id='word_1_198' title='bbox 537 3502 803 3563; x_wconf 83' lang='lat' dir='ltr'><strong>litteram</strong></span> <span class='ocrx_word' id='word_1_199' title='bbox 864 3520 985 3561; x_wconf 92' lang='lat' dir='ltr'><strong>non</strong></span> <span class='ocrx_word' id='word_1_200' title='bbox 1044 3502 1280 3562; x_wconf 87' lang='lat' dir='ltr'><strong>habent</strong></span> <span class='ocrx_word' id='word_1_201' title='bbox 1337 3501 1665 3581; x_wconf 84' lang='lat' dir='ltr'><strong>omnibus,</strong></span> <span class='ocrx_word' id='word_1_202' title='bbox 1722 3502 1841 3563; x_wconf 87' lang='lat' dir='ltr'><strong>nisi</strong></span> <span class='ocrx_word' id='word_1_203' title='bbox 1901 3502 2007 3564; x_wconf 90' lang='lat' dir='ltr'><strong>ubi</strong></span> <span class='ocrx_word' id='word_1_204' title='bbox 2065 3522 2203 3563; x_wconf 90' lang='lat' dir='ltr'><strong>eam</strong></span> <span class='ocrx_word' id='word_1_205' title='bbox 2271 3502 2546 3565; x_wconf 83' lang='lat' dir='ltr'><strong>litteram</strong></span> <span class='ocrx_word' id='word_1_206' title='bbox 2589 3492 2782 3601; x_wconf 58' lang='lat' dir='ltr'><strong>pro-⁴</strong></span> 
     </span>
     <span class='ocr_line' id='line_1_26' title="bbox 540 3628 2780 3717; baseline 0 -22"><span class='ocrx_word' id='word_1_207' title='bbox 540 3632 736 3695; x_wconf 83' lang='lat' dir='ltr'><strong>ducta</strong></span> <span class='ocrx_word' id='word_1_208' title='bbox 776 3653 811 3693; x_wconf 81' lang='lat' dir='ltr'><strong>e</strong></span> <span class='ocrx_word' id='word_1_209' title='bbox 853 3628 1098 3693; x_wconf 85' lang='lat' dir='ltr'><strong>vocalis</strong></span> <span class='ocrx_word' id='word_1_210' title='bbox 1142 3630 1468 3712; x_wconf 84' lang='lat' dir='ltr'><strong>praecedit</strong></span> <span class='ocrx_word' id='word_1_211' title='bbox 1510 3641 1577 3692; x_wconf 91' lang='lat' dir='ltr'><strong>ut</strong></span> <span class='ocrx_word' id='word_1_212' title='bbox 1622 3632 1681 3692; x_wconf 93' lang='lat' dir='ltr'><strong>in</strong></span> <span class='ocrx_word' id='word_1_213' title='bbox 1720 3635 2029 3711; x_wconf 76' lang='lat' dir='ltr'><strong>fuerunt.-</strong></span> <span class='ocrx_word' id='word_1_214' title='bbox 2070 3653 2208 3695; x_wconf 90' lang='lat' dir='ltr'><strong>nam</strong></span> <span class='ocrx_word' id='word_1_215' title='bbox 2250 3653 2371 3695; x_wconf 89' lang='lat' dir='ltr'><strong>nec</strong></span> <span class='ocrx_word' id='word_1_216' title='bbox 2390 3636 2601 3715; x_wconf 78' lang='lat' dir='ltr'><strong>fuerit</strong></span> <span class='ocrx_word' id='word_1_217' title='bbox 2633 3652 2780 3717; x_wconf 69' lang='lat' dir='ltr'><strong>nec</strong></span> 
     </span>
     <span class='ocr_line' id='line_1_27' title="bbox 534 3756 2780 3895; baseline 0.001 -71"><span class='ocrx_word' id='word_1_218' title='bbox 534 3767 764 3842; x_wconf 74' lang='lat' dir='ltr'><strong>fueras</strong></span> <span class='ocrx_word' id='word_1_219' title='bbox 807 3778 929 3822; x_wconf 91' lang='lat' dir='ltr'><strong>nec</strong></span> <span class='ocrx_word' id='word_1_220' title='bbox 953 3765 1139 3841; x_wconf 79' lang='lat' dir='ltr'><strong>fuero</strong></span> <span class='ocrx_word' id='word_1_221' title='bbox 1169 3763 1231 3824; x_wconf 91' lang='lat' dir='ltr'><strong>in</strong></span> <span class='ocrx_word' id='word_1_222' title='bbox 1259 3761 1439 3825; x_wconf 86' lang='lat' dir='ltr'><strong>binas</strong></span> <span class='ocrx_word' id='word_1_223' title='bbox 1472 3763 1758 3845; x_wconf 86' lang='lat' dir='ltr'><strong>syllabas</strong></span> <span class='ocrx_word' id='word_1_224' title='bbox 1788 3782 2063 3843; x_wconf 89' lang='lat' dir='ltr'><strong>unquam</strong></span> <span class='ocrx_word' id='word_1_225' title='bbox 2094 3765 2485 3850; x_wconf 80' lang='lat' dir='ltr'><strong>coaluerunt.</strong></span> <span class='ocrx_word' id='word_1_226' title='bbox 2538 3766 2752 3847; x_wconf 73' lang='lat' dir='ltr'><strong>Atque</strong></span> <span class='ocrx_word' id='word_1_227' title='bbox 2778 3756 2780 3895; x_wconf 55' lang='lat'>‹</span> 
     </span>
    </p>
   </div>
   <div class='ocr_carea' id='block_1_6' title="bbox 538 3895 2758 3978">
    <p class='ocr_par' dir='ltr' id='par_1_6' title="bbox 538 3895 2758 3978">
     <span class='ocr_line' id='line_1_28' title="bbox 538 3895 2758 3978; baseline 0 -19"><span class='ocrx_word' id='word_1_228' title='bbox 538 3897 640 3959; x_wconf 86' lang='lat' dir='ltr'><strong>bis</strong></span> <span class='ocrx_word' id='word_1_229' title='bbox 685 3895 914 3957; x_wconf 87' lang='lat' dir='ltr'><strong>finibus</strong></span> <span class='ocrx_word' id='word_1_230' title='bbox 963 3896 1048 3956; x_wconf 88' lang='lat' dir='ltr'><strong>ita</strong></span> <span class='ocrx_word' id='word_1_231' title='bbox 1094 3914 1173 3958; x_wconf 89' lang='lat' dir='ltr'><strong>ea</strong></span> <span class='ocrx_word' id='word_1_232' title='bbox 1215 3896 1539 3977; x_wconf 88' lang='lat' dir='ltr'><strong>synizesis</strong></span> <span class='ocrx_word' id='word_1_233' title='bbox 1583 3904 1941 3978; x_wconf 85' lang='lat' dir='ltr'><strong>coercetur,</strong></span> <span class='ocrx_word' id='word_1_234' title='bbox 1988 3906 2055 3956; x_wconf 93' lang='lat' dir='ltr'><strong>ut</strong></span> <span class='ocrx_word' id='word_1_235' title='bbox 2100 3904 2165 3957; x_wconf 87' lang='lat' dir='ltr'><strong>et</strong></span> <span class='ocrx_word' id='word_1_236' title='bbox 2211 3915 2251 3958; x_wconf 88' lang='lat' dir='ltr'><strong>a</strong></span> <span class='ocrx_word' id='word_1_237' title='bbox 2293 3897 2437 3957; x_wconf 71' lang='lat' dir='ltr'><strong>lues</strong></span> <span class='ocrx_word' id='word_1_238' title='bbox 2468 3903 2758 3973; x_wconf 73' lang='lat' dir='ltr'><strong>patr-m</strong></span> 
     </span>
    </p>
   </div>
   <div class='ocr_carea' id='block_1_7' title="bbox 585 4152 2762 4223">
    <p class='ocr_par' dir='ltr' id='par_1_7' title="bbox 585 4088 2778 4223">
     <span class='ocr_line' id='line_1_29' title="bbox 585 4152 2762 4223; baseline 0.002 -20"><span class='ocrx_word' id='word_1_239' title='bbox 585 4153 648 4217; x_wconf 84' lang='grc'><strong>*)</strong></span> <span class='ocrx_word' id='word_1_240' title='bbox 684 4155 842 4220; x_wconf 81' lang='lat' dir='ltr'><strong>Quod</strong></span> <span class='ocrx_word' id='word_1_241' title='bbox 878 4154 976 4204; x_wconf 77' lang='lat' dir='ltr'><strong>etsi</strong></span> <span class='ocrx_word' id='word_1_242' title='bbox 1008 4153 1162 4204; x_wconf 79' lang='lat' dir='ltr'><strong>etiam</strong></span> <span class='ocrx_word' id='word_1_243' title='bbox 1201 4153 1269 4202; x_wconf 88' lang='lat' dir='ltr'><strong>ad</strong></span> <span class='ocrx_word' id='word_1_244' title='bbox 1305 4152 1607 4215; x_wconf 78' lang='lat' dir='ltr'><strong>composita</strong></span> <span class='ocrx_word' id='word_1_245' title='bbox 1655 4155 1832 4203; x_wconf 76' lang='lat' dir='ltr'><strong>antea</strong></span> <span class='ocrx_word' id='word_1_246' title='bbox 1878 4159 1934 4204; x_wconf 81' lang='lat' dir='ltr'><strong>et</strong></span> <span class='ocrx_word' id='word_1_247' title='bbox 1978 4153 2520 4223; x_wconf 58' lang='lat' dir='ltr'><strong>posteasspertlnuit,</strong></span> <span class='ocrx_word' id='word_1_248' title='bbox 2568 4162 2762 4208; x_wconf 66' lang='lat' dir='ltr'><strong>tane·</strong></span> 
     </span>
    </p>
   </div>
   <div class='ocr_carea' id='block_1_8' title="bbox 677 4261 2770 4429">
    <p class='ocr_par' dir='ltr' id='par_1_8' title="bbox 677 4261 2770 4429">
     <span class='ocr_line' id='line_1_30' title="bbox 677 4261 2770 4329; baseline -0.002 -14"><span class='ocrx_word' id='word_1_249' title='bbox 677 4267 961 4329; x_wconf 74' lang='lat' dir='ltr'><strong>aliquoties</strong></span> <span class='ocrx_word' id='word_1_250' title='bbox 997 4267 1211 4316; x_wconf 81' lang='lat' dir='ltr'><strong>illorum</strong></span> <span class='ocrx_word' id='word_1_251' title='bbox 1250 4264 1302 4314; x_wconf 85' lang='lat' dir='ltr'><strong>in</strong></span> <span class='ocrx_word' id='word_1_252' title='bbox 1339 4265 1521 4315; x_wconf 87' lang='lat' dir='ltr'><strong>locum</strong></span> <span class='ocrx_word' id='word_1_253' title='bbox 1557 4266 1693 4316; x_wconf 75' lang='lat' dir='ltr'><strong>ante</strong></span> <span class='ocrx_word' id='word_1_254' title='bbox 1729 4264 1785 4313; x_wconf 85' lang='lat' dir='ltr'><strong>et</strong></span> <span class='ocrx_word' id='word_1_255' title='bbox 1819 4262 2125 4328; x_wconf 81' lang='lat' dir='ltr'><strong>ignoratum</strong></span> <span class='ocrx_word' id='word_1_256' title='bbox 2164 4263 2336 4329; x_wconf 81' lang='lat' dir='ltr'><strong>vulgo</strong></span> <span class='ocrx_word' id='word_1_257' title='bbox 2368 4261 2579 4326; x_wconf 71' lang='lat' dir='ltr'><strong>poste</strong></span> <span class='ocrx_word' id='word_1_258' title='bbox 2624 4262 2770 4311; x_wconf 63' lang='lat' dir='ltr'><strong>snb—</strong></span> 
     </span>
     <span class='ocr_line' id='line_1_31' title="bbox 677 4366 1563 4429; baseline -0.001 -15"><span class='ocrx_word' id='word_1_259' title='bbox 677 4366 947 4416; x_wconf 78' lang='lat' dir='ltr'><strong>stltuenda</strong></span> <span class='ocrx_word' id='word_1_260' title='bbox 982 4378 1102 4416; x_wconf 79' lang='lat' dir='ltr'><strong>esse</strong></span> <span class='ocrx_word' id='word_1_261' title='bbox 1139 4366 1266 4415; x_wconf 87' lang='lat' dir='ltr'><strong>olim</strong></span> <span class='ocrx_word' id='word_1_262' title='bbox 1302 4366 1563 4429; x_wconf 87' lang='lat' dir='ltr'><strong>probabo.</strong></span> 
     </span>
    </p>
   </div>
  </div>
 </body>
</html>
