2824 4890
1965 379 2351 449 CCXXXV

138 563 299 628 que
343 547 475 610 illio
518 546 682 611 satis
723 548 845 610 iam
880 548 1371 630 disputavimus.
1460 556 1530 617 ln
1567 555 1686 620 hoc
1709 566 1919 621 autem
1946 579 2071 625 uno
2097 565 2353 649 longius

140 692 244 746 est
289 682 764 745 trochaicorum
810 701 918 745 ars
961 703 1305 766 progressa
1351 665 1542 770 quod,
1590 693 1778 757 etiam
1829 695 2013 755 nullis
2057 674 2354 777 oxytoais

136 813 600 896 sequentibus,
657 814 1015 876 ionicam
1087 835 1355 901 vocem,
1416 809 1653 903 quippe'
1689 825 2064 887 simillimam
2110 830 2355 890 molos-

144 959 352 1038 sicae,
403 975 528 1018 non
572 962 992 1036 respuerunt:
1037 958 1259 1038 qualis.
1286 965 1352 1020 ut
1392 978 1568 1041 rara,
1615 961 1699 1022 ita
1746 973 1921 1025 certa
1969 974 2071 1026 est
2117 964 2354 1027 Bacch.

138 1092 196 1152 8.
244 1092 418 1170 4⁰62

1325 1240 1696 1305 meretrices
1743 1244 2180 1327 cognomines,

1327 1373 1625 1456 capiebdt
1668 1377 2000 1462 suffragio.

307 1538 500 1601 Prius
544 1556 729 1617 quam
768 1535 849 1598 ad
895 1537 1166 1617 priorem
1192 1548 1444 1631 ‚partem
1475 1542 1816 1622 septenarii
1852 1546 2349 1629 progrediamur,

137 1667 485 1730 videndum
530 1676 628 1727 est
674 1666 753 1727 de
804 1666 1265 1749 utriusque
1307 1669 1575 1748 partis
1620 1671 2016 1735 confiniis.
2067 1677 2135 1735 ln
2181 1695 2348 1757 quae

138 1818 285 1860 cnm
329 1797 615 1877 legitima
674 1811 903 1855 versus
960 1812 1233 1857 caesura
1296 1796 1566 1874 incidat,
1608 1818 1733 1860 non
1777 1811 1884 1862 est
1925 1803 2146 1865 mirum
2196 1826 2350 1886 per-

138 1947 286 1993 raro
329 1928 664 1990 transitum
695 1927 964 2007 epriore
1013 1926 1073 1988 in
1116 1928 1532 2008 posteriorem
1579 1939 1822 2012 partem
1869 1934 2183 2017 bisyllabo
2216 1957 2347 2000 vo-

137 2066 369 2127 cabulo
414 2061 568 2122 fieri.
659 2061 869 2142 Atque
914 2059 1126 2121 durior
1171 2061 1486 2125 etiam'eo
1526 2066 1590 2124 in
1638 2065 1782 2126 loco
1840 2066 2047 2129 iambo
2105 2087 2139 2130 s
2156 2089 2343 2151 pon·

135 2198 346 2260 deus
414 2206 559 2257 est:
623 2195 805 2254 cuius
869 2211 1059 2255 unum
1127 2193 1485 2273 exemplum
1553 2197 1944 2259 removimus
1989 2218 2049 2279 p.
2096 2218 2342 2265 ccxxn.

137 2352 303 2406 ann.‚
354 2330 624 2392 alterum
671 2329 842 2389 Trin.
898 2327 1025 2389 982
1080 2337 1325 2391 tantum
1387 2328 1467 2390 ab
1518 2332 2024 2411 interpunctione
2067 2335 2342 2415 aliquam

143 2466 628 2528 excusationem
675 2462 902 2526 liabetz

309 2613 587 2678 Fassu’s
614 2614 1023 2678 Charmidem
1069 2615 1332 2679 dedisse
1371 2618 1603 2680 auru'm
1651 2616 1815 2682 tibi?
1858 2622 1992 2683 SY.
2036 2621 2344 2702 scriptum

1504 2753 1775 2833 quidem.

136 2907 309 2968 Nam
356 2906 477 2967 alia
525 2905 685 2966 ratio
729 2913 830 2967 est
871 2926 937 2967 v.
988 2905 1117 2968 699
1158 2916 1221 2969 et
1267 2906 1432 2971 9⁷3:

308 3043 402 3119 'ld
444 3061 594 3140 agis
639 3068 729 3140 ut,
775 3058 876 3120 ubi
921 3056 1311 3126 adfinitatem
1356 3065 1527 3127 inter
1566 3083 1685 3125 nos
1738 3018 2015 3128 nostram
2058 3066 2345 3130 adstrin-

1504 3200 1712 3262 xeris:

299 3327 692 3391 Charmides
737 3349 863 3414 ego
904 3328 1068 3395 stim.
1174 3333 1306 3396 SY.
1370 3334 1746 3416 nequiquam
1826 3319 2123 3395 herolde:
2194 3351 2339 3395 nam

1525 3454 1676 3526 nih'il
1723 3460 1858 3525 auri
1897 3464 2063 3525 sero:

132 3637 399 3700 quorum
465 3621 674 3697 priore
741 3637 852 3696 pro
913 3636 1035 3678 una
1104 3635 1269 3678 voce
1310 3624 1462 3676 sunt
1502 3618 1670 3675 inter
1714 3621 1779 3675 et
1822 3612 2177 3675 encliticum
2225 3632 2344 3674 nos

136 3768 509 3830 pronomen,
552 3751 751 3811 altero
800 3770 910 3830 pro
954 3749 1199 3812 duabus
1265 3749 1535 3811 vocibus
1589 3748 1807 3809 hercle
1863 3746 1966 3811 eis:
2024 3765 2168 3809 nam
2222 3744 2344 3806 etsi

135 3900 217 3942 ne
273 3883 375 3942 sic
433 3882 683 3962 quidem
747 3886 852 3946 hic
896 3885 1053 3948 nitet
1097 3906 1136 3948 a
1179 3903 1488 3948 caesurae
1519 3883 1862 3965 elegantia,
1891 3890 2100 3942 tamen
2135 3875 2346 3957 paullo

134 4012 344 4074 minus
386 4012 611 4075 durum
655 4016 780 4087 hoc
823 4037 1009 4098 quam
1039 4016 1180 4089 illud
1230 4025 1345 4081 est.
1441 4015 1729 4077 Facilius
1768 4021 1843 4072 ut
1886 4008 2013 4070 dixi
2062 4003 2343 4067 iambi-

133 4161 303 4205 cum
350 4141 732 4204 vocabulum
783 4154 1014 4224 poetae
1056 4143 1441 4219 tolerarunt,
1505 4147 1575 4219 ut
1635 4133 1874 4196 Bacch.
1934 4131 2017 4191 44
2078 4139 2144 4191 et
2189 4131 2341 4192 'l'ri-

134 4274 371 4336 nummi
415 4293 497 4336 eo
541 4291 734 4336 versu
779 4276 885 4355 qui
926 4276 1052 4339 iam
1098 4280 1387 4357 quartum
1432 4271 1494 4332 in
1532 4285 1803 4331 examen
1848 4264 2026 4326 venit
2063 4261 2223 4369 329·
