2824 4890
2081 329 2198 394 CC
2214 331 2275 393 V
2280 333 2340 394 11

141 522 364 567 aarum
405 505 624 587 legum
666 510 1092 569 constantiani
1136 526 1244 569 ars
1283 509 1393 572 illa
1455 519 1780 589 poetarum
1847 531 2195 595 progressa
2233 518 2350 601 sit,

135 637 370 718 quibus
433 647 634 700 totum
706 639 829 701 hoc
887 659 1098 719 genus
1157 640 1542 704 admirabilis
1604 645 2045 710 concinnitatis
2084 649 2343 731 regitur,

130 769 504 849 planissime
547 770 970 851 intelligatur:
1018 781 1229 833 tamen
1276 773 1548 852 amplius
1610 773 1670 834 id
1715 775 1833 836 sibi
1879 775 2159 856 spatium
2222 800 2349 862 po..

121 903 252 964 seit
294 920 485 983 quarn
531 900 697 981 quod
740 902 894 964 huic
931 903 1015 966 sit
1059 904 1437 983 praefationi
1481 922 1880 971 concessum.
1958 909 2183 989 ltaque
2217 910 2346 972 huc

127 1036 275 1098 olim
307 1035 627 1098 rediturus
655 1053 824 1097 nunc
863 1035 1214 1116 singularia
1239 1044 1481 1097 tantum
1517 1035 1831 1116 quaedam
1864 1046 2145 1118 tangam,
2175 1058 2345 1120 quo-

129 1187 267 1230 rum
312 1166 402 1229 ad
444 1168 645 1246 ipsam
692 1168 976 1230 criticam
1026 1167 1446 1231 factitandam
1493 1169 1706 1248 paullo
1749 1173 2016 1251 gravius
2048 1192 2344 1238 momen-

125 1311 288 1364 tum:
351 1297 436 1360 ad
501 1318 711 1382 genus
776 1301 1145 1362 universum
1205 1309 1383 1364 recte
1440 1301 1865 1366 deliniendum
1932 1304 2343 1382 paucissimis

121 1431 516 1513 praemissis.
628 1428 898 1492 Omnino
958 1429 1122 1490 enim
1189 1428 1333 1492 nihil
1395 1448 1547 1493 esse
1584 1431 1835 1494 .falsius
1891 1443 2110 1511 potest
2154 1452 2344 1514 quam

125 1562 296 1644 quod
354 1564 600 1625 veteris
642 1563 812 1623 Latii
866 1562 1366 1641 posterior-isque
1427 1567 1659 1628 aetatis
1723 1569 2036 1645 poeticam
2085 1569 2170 1630 ita
2212 1568 2343 1631 sibi

127 1693 405 1756 invicem
449 1699 794 1772 opponunt,
839 1701 907 1754 ut
952 1692 1120 1756 hanc
1155 1692 1516 1773 quantitate
1559 1695 1942 1774 syllabarum
1969 1700 2131 1779 regi,
2167 1697 2339 1762 illam

128 1829 338 1893 dicant
381 1847 422 1890 e
464 1829 535 1890 vi
576 1837 884 1892 accentus
932 1828 1226 1904 pendere.
1280 1829 1567 1904 Quorum
1616 1841 1852 1893 tantum
1898 1833 2068 1911 prius
2115 1853 2339 1898 verum

126 1970 253 2039 est,
294 1978 441 2024 cuin
488 1961 609 2026 illic
651 1969 957 2024 accentus
1007 1963 1132 2021 vim
1181 1962 1636 2041 propemodum
1681 1964 1917 2025 nullam
1976 1980 2127 2025 esse
2171 1981 2338 2027 con·-

119 2102 282 2155 stet:
328 2092 598 2154 alterum
640 2112 723 2153 ne
764 2092 862 2153 sic
907 2090 1157 2171 quidem
1207 2110 1366 2153 vere
1425 2090 1844 2170 describitur,
1912 2104 1980 2155 ut
2022 2114 2165 2157 cum
2209 2113 2331 2159 ac-
2384 2101 2393 2114 “

115 2237 309 2290 eentu
370 2224 622 2290 dicatur
686 2225 1056 2306 quantitatis
1117 2224 1276 2286 ratio
1331 2225 1543 2305 aliquo
1603 2233 2103 2304 temperamento
2165 2242 2329 2286 con-

119 2359 309 2439 iungi.
381 2357 552 2418 Nam
599 2367 899 2436 tanquam
945 2374 1061 2417 acu
1099 2372 1205 2415 res
1239 2355 1325 2415 ita
1370 2354 1620 2418 demum
1669 2359 1976 2439 tangitur,
2027 2365 2094 2418 ut
2138 2357 2328 2418 etiam

119 2492 361 2554 veteris
406 2489 775 2552 comoediae
809 2490 1467 2572 tragoediaeque-arti
1514 2493 1823 2551 metricae
1870 2509 2002 2568 pro
2047 2490 2076 2549 f
2087 2486 2333 2549 unda-

114 2631 382 2684 mento
428 2622 636 2683 l'uisse
679 2622 1172 2700 quantitatis
1213 2584 1886 2681 observationem
1923 2617 2334 2699 intelligatur,

113 2756 228 2818 sed
278 2759 422 2817 eius
462 2754 868 2835 quantitatis,
929 2772 1097 2832 quae
1159 2752 1373 2833 qualis
1422 2752 1606 2813 fuerit
1651 2751 2002 2832 quibusque
2063 2751 2252 2810 rebus
2292 2767 2334 2813 a

113 2858 546 2967 posteriorum,
607 2883 1006 2947 saeculorum
1079 2881 1542 2944 consuetudine
1606 2882 1835 2963 distet,
1898 2880 2333 2960 superioribus

113 3017 438 3099 capitibus
481 3014 868 3077 declaratum
911 3023 1044 3074 est:
1083 2978 1285 3073 ‘cum
1333 3014 1474 3072 eius
1519 3019 1733 3073 autem
1795 3012 2326 3092 quantitatis

107 3151 608 3237 severitate
684 3168 1000 3211 summa
1084 3154 1496 3208 accentus
1573 3144 2319 3220 observationem,

111 3288 380 3366 quoad
418 3288 604 3344 eius
641 3286 855 3362 sieri
887 3288 1219 3358 posset,
1270 3276 1806 3339 conciliatam
1853 3288 2019 3335 esse.
2132 3273 2325 3332 Pror-

107 3444 224 3487 sus
272 3425 441 3487 eniin
494 3432 823 3503 utramque
870 3420 1173 3480 rationem
1222 3435 1583 3493 exaequare
1632 3414 1880 3472 omnino
1921 3430 2045 3470 non
2095 3417 2326 3489 potue-

105 3567 252 3621 runt
313 3565 581 3637 poetae,
638 3560 693 3617 si
751 3553 939 3615 modo
996 3553 1126 3615 lieri
1190 3569 1420 3613 versus
1467 3549 1744 3610 vellent:
1803 3547 1906 3606 vel
1967 3550 2147 3605 certe
2192 3552 2322 3603 tam

101 3690 409 3773 angustis
449 3664 675 3758 finibus
719 3694 923 3746 semet
968 3702 1270 3745 coercere
1315 3681 1686 3757 debuerant,
1732 3687 1798 3738 ut
1841 3675 1918 3739 ad
1956 3695 2144 3738 unum
2180 3694 2323 3736 mo-

103 3821 329 3882 dulum
380 3818 668 3878 centenis
715 3817 1011 3876 versibus
1056 3832 1197 3875 cum
1244 3814 1517 3872 maxima
1569 3809 1855 3871 molestia
1900 3827 2017 3869 sua
2045 3805 2322 3866 fabrica-

103 3958 185 4018 tis
233 3974 362 4016 non
405 3963 676 4032 possent
738 3972 861 4015 non
917 3954 976 4012 in
1020 3948 1444 4010 incredibilem
1512 3947 1668 4007 artis
1722 3943 2108 4005 ieiunitatem
2156 3952 2322 3995 eva-

98 4088 270 4149 dere.
337 4086 452 4147 Eis
494 4086 688 4165 igitur
729 4083 1045 4165 angustiis
1091 4092 1158 4143 ut
1200 4098 1275 4141 se
1316 4077 1714 4157 expedirent,
1759 4091 1905 4135 eum
1947 4069 2316 4129 alterutram

97 4221 406 4283 rationem
470 4214 793 4298 oportere't
846 4215 1184 4298 paullulum
1244 4198 1478 4273 cedere
1541 4204 1745 4286 alteri,
1792 4200 2304 4282 praerogativam
