2824 4890
466 347 690 414 CXIV

468 542 675 604 nitore
714 551 877 617 opus
918 539 1044 611 ost,
1091 536 1159 590 ut
1200 542 1327 587 non
1369 534 1572 603 posse
1613 514 1876 577 aliorum
1918 516 2173 592 praeter
2221 509 2434 585 ipsum
2478 516 2668 582 prae-

466 692 628 739 sens
654 681 1012 751 temporum
1043 665 1284 728 formas
1318 653 1703 739 cogitatione
1735 645 1881 711 addi
1913 642 2265 722 intelligas:
2308 633 2483 719 quod
2527 631 2666 715 qui·

466 794 617 875 dem
651 821 1078 874 commemoro
1105 806 1364 882 propter
1406 794 1709 856 insertum
1756 784 1835 847 ab
1866 783 2232 847 Hermanno
2279 768 2498 836 v.'822
2533 770 2677 850 furit.

636 940 774 1008 Sed
819 935 1021 1018 abripi
1064 953 1166 997 me
1209 939 1443 1013 passus
1489 943 1627 986 sum
1687 918 1958 999 longius.
2042 912 2360 991 Superest
2401 903 2572 967 euim
2614 908 2684 962 ut

471 1079 559 1145 de
604 1095 682 1141 eo
722 1076 864 1138 loco
907 1069 1181 1139 dicatur,
1226 1080 1409 1147 quem
1455 1056 1730 1119 omnium
1761 1055 2017 1112 constat
2041 1052 2108 1108 et
2131 1039 2684 1122 impeditissimum

470 1228 636 1274 esse
694 1216 762 1269 et
816 1199 1500 1268 infructuosissimumt
1566 1189 1674 1272 qui
1737 1183 1987 1270 quidem
2053 1175 2506 1242 assimilatione
2577 1169 2688 1248 (ut

483 1346 762 1411 breviter
804 1334 1065 1421 loquar)
1130 1329 1663 1414 praepositionum
1725 1338 1871 1383 cum
1925 1314 2145 1378 verbis
2183 1307 2688 1389 compositarum

481 1481 858 1548 continetur.
959 1475 1184 1555 ltaque
1239 1472 1303 1532 in
1357 1466 1581 1528 horum
1641 1459 1955 1522 varietate
2012 1453 2208 1516 certis
2264 1444 2524 1528 legibus
2583 1459 2690 1503 re-

475 1608 706 1705 'gunda
745 1632 871 1677 nec
911 1629 1037 1694 ego
1079 1605 1255 1669 volui
1300 1612 1557 1683 operam
1613 1591 1881 1675 perdere
1906 1633 1925 1670 ‚
1986 1589 2093 1669 (lui
2145 1581 2293 1644 nihil
2335 1584 2398 1643 in
2441 1597 2524 1639 eo
2572 1595 2692 1659 ge·

488 1768 645 1812 nere
687 1761 887 1827 posse
930 1736 1147 1821 profici
1187 1733 1628 1810 intelligerem,
1679 1721 1804 1783 nisi
1847 1726 1920 1781 ut
1961 1726 2071 1779 ant
2112 1708 2478 1776 horridioris
2524 1706 2693 1769 anti·

494 1881 792 1966 quitatis,
850 1882 917 1938 at
969 1867 1365 1951 antiquitatis
1408 1871 1621 1924 tamen
1667 1853 1949 1935 vestigia
1994 1848 2397 1912 abolerentur
2440 1851 2558 1904 aut
2600 1841 2698 1902 in·-
2804 1883 2807 1917 i

496 2012 850 2077 auditarum
875 2008 1217 2070 formarum
1245 1994 1745 2079 effingendarum
1774 1989 2118 2071 periculum
2146 1983 2477 2047 subiretur.
2523 1975 2700 2040 Nihil
2805 2033 2807 2052 ,

492 2146 691 2229 igitur
735 2144 955 2206 miram
1010 2156 1214 2217 saepe
1270 2129 1756 2195 inconstantiam
1804 2140 2162 2206 propagare
2202 2117 2451 2179 veritus
2493 2133 2537 2175 e
2583 2132 2702 2174 ve-
2801 2163 2807 2190 ⁴

499 2278 771 2343 terrimis
830 2272 1156 2338 codicibus
1209 2265 1383 2329 volui
1439 2261 1708 2342 singulis
1764 2259 1828 2319 in
1875 2256 2035 2317 locis
2100 2250 2399 2334 pendere.
2487 2248 2704 2310 Vnum
2804 2297 2807 2322 ,

495 2419 604 2477 est
642 2419 855 2475 tamen
902 2404 1237 2490 quiddam,
1280 2399 1445 2482 quod
1490 2414 1613 2460 noc
1653 2390 2191 2477 praepositionum
2238 2386 2473 2449 finibus
2515 2402 2704 2448 coer-

498 2558 685 2614 cetur
728 2556 794 2610 et
838 2541 1149 2608 scribendi
1195 2535 1614 2601 constantiam
1639 2551 1766 2594 non
1794 2528 2065 2593 admittit
2093 2533 2331 2588 tantum
2362 2518 2485 2585 scd
2517 2521 2705 2584 etiarn
2804 2562 2807 2601 ;

502 2658 819 2766 postulat:
879 2675 1060 2758 parili
1120 2672 1285 2735 enim
1347 2686 1567 2730 norma
1610 2684 1683 2725 so
1727 2664 2069 2725 litterarum
2126 2655 2514 2718 societatem
2583 2651 2711 2715 libri
2804 2706 2807 2738 Ξ

504 2811 783 2880 Plautini
835 2809 895 2871 in
939 2819 1429 2869 suscensere
1475 2802 1568 2871 (v.
1612 2793 1794 2855 1164.
1841 2790 2024 2854 1166.
2074 2787 2290 2866 1174),
2332 2786 2714 2847 sescenti
2804 2837 2807 2863 ¹

502 2946 737 3024 (791),
801 2937 1300 3020 sesquipede
1352 2930 1540 3006 (903)
1596 2928 1685 2990 ita
1745 2932 2053 3003 tuentur,
2117 2929 2186 2982 ut
2240 2917 2641 2981 abhorreant
2676 2934 2713 2977 a
2805 2968 2807 3003 ÷

511 3094 896 3144 “accensere
953 3073 1249 3133 sexcenti
1295 3063 1691 3143 sexquipede
1744 3052 2046 3130 formisffj
2068 3053 2192 3115 His
2246 3050 2443 3133 igitur
2503 3049 2716 3114 mioe'ss

508 3220 580 3275 ut
620 3208 703 3275 ad
747 3227 824 3270 ea
849 3221 1148 3289 pergam,
1193 3201 1252 3261 in
1287 3195 1514 3280 quibus
1542 3192 1825 3253 varietas
1860 3189 2112 3268 regnat,
2157 3179 2279 3241 etsi
2319 3179 2718 3257 ecfodiam

508 3365 574 3410 v.
615 3341 742 3406 453
793 3360 876 3404 ex
920 3340 983 3402 A
1028 3335 1285 3415 recepi,
1348 3350 1474 3393 nou
1535 3336 1749 3389 tamen
1803 3321 1947 3385 alibi
1992 3340 2030 3382 a
2073 3319 2250 3380 libris
2306 3312 2720 3395 suppeditata

507 3482 801 3557 effnqere
828 3476 1083 3553 efficere
1119 3463 1478 3529 sollicitavi.
1563 3457 1841 3537 Inpulsu
1880 3459 2171 3516 inmoene
2195 3451 2462 3524 iurique
2487 3451 2723 3524 inpru-

510 3609 763 3668 dentem
804 3603 1086 3681 inprobis
1125 3603 1531 3678 inportunam
1576 3587 1834 3654 servavi
1878 3606 1940 3651 v.
1989 3583 2089 3646 10.
2131 3580 2233 3642 24.
2275 3576 2379 3640 31.
2423 3577 2531 3640 61.
2579 3575 2724 3638 2131.

513 3727 677 3820 399,
718 3738 1019 3798 immunis
1064 3728 1441 3793 immortalis
1483 3728 1702 3804 impoti
1738 3722 2059 3799 improbus
2103 3714 2267 3777 alibi.
2353 3713 2520 3774 Item
2569 3730 2727 3773 con·
2805 3748 2807 3775 2

514 3874 715 3935 locem
771 3866 1166 3930 conlaudant
1214 3860 1451 3936 conltyt‘
1500 3857 1785 3931 conriqis
1841 3852 2239 3928 conrepsertt
2277 3864 2340 3907 v.
2391 3842 2539 3905 159.
2584 3842 2728 3907 222.
2805 3876 2807 3903 ι

514 4006 659 4071 735.
698 4004 842 4069 791.
894 4000 1028 4065 118.
1068 3998 1193 4061 424
1220 4040 1239 4077 ,
1284 3994 1648 4056 commerita
1691 3986 2130 4050 commendare
2171 3983 2504 4055 corripere
2541 3972 2734 4053 (6³²)
2803 4002 2807 4039 ε

518 4157 925 4217 eorrumpere
963 4133 1155 4197 allbiz
1196 4146 1506 4211 nusquam
1550 4135 1761 4188 tamen
1804 4126 1866 4184 in
1900 4119 2268 4182 Trinummo
2312 4111 2420 4173 vel
2472 4132 2732 4174 eoum-
2804 4142 2807 4173 ι

518 4273 623 4336 vel
682 4271 871 4334 coll-
930 4275 1246 4350 repertum
1300 4261 1573 4327 memini.
1664 4260 2029 4338 Adqredz'ar
2091 4257 2411 4318 adoret-are
2471 4250 2740 4314 adsidui
2805 4270 2807 4303 ι
