2824 4890
2046 381 2304 446 xhvn

159 572 191 632 l.
226 586 270 630 s.
306 585 352 630 s.
395 588 447 648 p.
498 566 614 629 ¹77
656 568 1083 631 coniecturam
1128 583 1341 653 ausus·
1368 584 1532 643 sum,
1575 582 1713 627 eam
1743 584 1826 627 ne
1853 584 2015 629 nunc
2047 562 2303 649 quidem

156 697 328 761 babeo
377 700 474 781 qui
526 699 762 761 firmius
814 717 1002 779 quam
1058 699 1352 763 Merulae
1415 700 1781 763 testimonio
1838 700 2304 785 commendem,

153 816 286 893 ‘sive
322 834 646 896 mandante
690 834 964 896 Nicolao
1009 834 1248 912 Quinto
1294 834 1586 897 Romano
1636 832 1935 915 pontifice
1994 834 2137 895 sive
2180 835 2305 895 Al-

150 962 362 1044 phonso
421 986 574 1048 rege
644 955 935 1049 Apuliae'
993 966 1478 1047 incredibiliter?
1506 967 1566 1029 in
1625 967 1917 1029 Plautum
1983 967 2306 1030 saevitum

151 1114 277 1158 esse
310 1102 646 1179 querentis.
728 1100 945 1179 Atque
991 1097 1153 1161 adeo
1200 1101 1407 1180 magis
1452 1119 1530 1161 eo
1590 1100 1839 1162 animus
1884 1100 2175 1179 inclinat,
2237 1107 2310 1162 ut

151 1228 322 1309 ipsum
362 1208 563 1292 fuisse
606 1233 913 1294 Pnacium
956 1231 1252 1314 credam,
1310 1250 1458 1296 cum
1502 1242 1569 1296 et
1612 1236 1860 1298 Romae
1901 1237 2306 1317 potissimum

153 1369 307 1443 atque
329 1363 708 1439 Florentiae,
754 1381 876 1424 nou
908 1364 1184 1444 Neapoli
1228 1373 1654 1428 correctorum
1701 1365 2034 1431 multitudo
2081 1391 2311 1434 exem-

162 1495 352 1573 plorum
395 1505 651 1578 exstet,
718 1507 784 1559 et
822 1497 1149 1559 consilium
1208 1507 1384 1558 certe
1428 1500 1514 1560 rei
1559 1500 1983 1580 perficiendae
2025 1503 2129 1566 ille
2168 1506 2312 1586 ipse

151 1629 199 1690 iu
246 1650 308 1693 ea
356 1636 539 1711 parte
594 1632 998 1712 epistularum
1057 1632 1393 1711 professus
1451 1633 1577 1712 sit,
1643 1650 1807 1712 quae
1865 1635 2045 1696 solae
2093 1635 2306 1700 adhuc

144 1762 309 1825 lucem
350 1765 675 1827 viderunt.
763 1765 875 1828 sse
915 1765 1075 1827 enim
1124 1766 1262 1827 mm
1306 1764 1420 1830 ιν.
1468 1767 1651 1844 epist.
1695 1767 1755 1833 4.
1796 1736 2049 1834 seruum
2096 1757 2307 1833 ‘Liber

143 1905 224 1956 est
257 1895 366 1957 illis
417 1897 650 1960 litteris
695 1898 969 1976 antiquis
1033 1897 1386 1977 corruptis,
1448 1896 1670 1977 quales
1724 1907 1873 1961 sunt
1916 1900 2307 1985 Quintiliani,

146 2034 201 2087 et
237 2030 413 2091 multa
458 2031 519 2091 in
576 2028 792 2090 multis
849 2027 1094 2091 desunt.
1177 2029 1325 2090 Non
1389 2029 1618 2091 faciam
1676 2033 2087 2114 transscribi,
2150 2035 2308 2097 nisi

139 2160 329 2238 prius
395 2162 605 2224 illas
670 2164 957 2241 legero
1021 2169 1254 2243 atque
1319 2162 1925 2229 emendaverot
1987 2183 2132 2229 nam
2187 2166 2309 2228 nisi

142 2293 237 2353 viri
274 2279 480 2356 eruditi
536 2312 730 2354 manu
757 2293 1130 2374 scribantur,
1180 2294 1381 2357 inanis
1409 2296 1527 2357 erit
1559 2285 1773 2359 labor?
1806 2301 1962 2360 item
1993 2300 2173 2379 epist.
2201 2299 2307 2363 17:

142 2412 638 2493 ‘'l'ransscribitur
683 2427 871 2490 modo
918 2426 1208 2510 donoque
1254 2432 1535 2493 mittetur
1581 2432 1744 2494 Duci
1786 2432 2156 2514 Mediolani,
2201 2434 2309 2515 qui

141 2579 257 2624 eum
296 2581 403 2644 per
447 2564 701 2625 litteras
745 2560 1111 2642 postulavit.
1200 2560 1494 2621 Marchio
1533 2561 1680 2622 item
1716 2562 2143 2623 Ferrariensis
2188 2580 2311 2642 pe-

143 2691 252 2754 tiit:
292 2694 533 2758 dabitur
581 2693 742 2773 illis,
784 2691 902 2755 sed
947 2693 1033 2754 ita
1080 2702 1436 2773 corruptuS,
1485 2699 1552 2753 ut
1595 2711 1751 2753 vere
1788 2710 1830 2753 a
1874 2690 2157 2753 barbaris
2200 2710 2311 2753 re-

141 2823 254 2887 dire
300 2828 688 2908 postliminio
741 2812 1073 2888 videatur.'
1158 2823 1245 2886 Et
1287 2823 1504 2905 paullo
1551 2836 1736 2903 poste
1805 2811 2092 2903 ‘Nullus,
2157 2825 2309 2887 mihi

144 2959 332 3038 crede,
393 2964 698 3026 Plautum
747 2957 912 3020 bene
955 2955 1406 3035 transscribet,
1468 2955 1588 3017 nisi
1633 2956 1687 3017 is
1730 2956 1813 3018 sit
1859 2955 2310 3024 doctissimus:

151 3101 232 3153 est
267 3094 353 3153 eis
392 3094 669 3174 litteris,
713 3091 940 3172 quibus
980 3088 1157 3150 multi
1201 3088 1335 3149 libri
1378 3106 1465 3148 ex
1505 3087 1813 3170 antiquis,
1867 3106 2031 3170 quos
2071 3108 2108 3149 a
2153 3108 2314 3151 mu-

143 3218 365 3285 lieribus
408 3222 813 3303 conscriptos
853 3222 1120 3282 arbitror
1164 3213 1279 3299 [!]‚
1320 3219 1492 3281 nulla
1523 3220 1861 3283 verborum
1885 3219 2314 3302 distinctione,

142 3358 204 3409 ut
237 3372 537 3435 persaepe
582 3350 992 3414 divinandum
1055 3339 1182 3414 sit.'
1268 3351 1510 3412 Verum
1561 3350 1684 3418 hoc
1727 3349 1805 3412 de
1848 3350 2103 3432 Poggio
2148 3368 2317 3431 quo-

145 3485 561 3570 modocunque
601 3505 677 3549 se
719 3486 950 3565 habet,
1011 3484 1118 3547 tali
1163 3484 1352 3565 quale
1409 3484 1518 3545 liic
1558 3483 1950 3564 significavit
1992 3482 2209 3545 studio
2252 3491 2319 3546 et
2397 3503 2402 3508 ·

140 3616 424 3682 industria
467 3627 651 3682 certa
694 3626 759 3679 et
804 3625 1107 3680 constans
1149 3622 1296 3676 nata
1339 3623 1441 3676 est
1474 3616 1765 3677 recensio
1789 3614 2124 3697 quaedam,
2164 3634 2316 3696 per·-

140 3747 325 3811 tinens
364 3768 442 3812 ea
490 3749 680 3812 etiam
727 3747 806 3810 ad
852 3755 999 3810 octo
1043 3747 1292 3809 fabulas
1341 3749 1623 3827 priores:
1672 3767 1800 3829 qua
1844 3751 1967 3812 etsi
2009 3748 2315 3812 effectum

139 3891 228 3942 est
266 3892 349 3965 ut,
392 3889 505 3966 qui
548 3883 821 3964 scriptor
858 3892 1050 3945 antea
1092 3892 1348 3963 propter
1393 3890 1688 3963 portenta
1726 3883 2079 3964 scripturae
2121 3883 2319 3944 instar

138 4021 437 4096 praeclusi
486 4020 768 4084 thesauri
813 4021 1078 4100 suisset,
1140 4035 1308 4080 nunc
1360 4027 1540 4079 certe
1595 4017 1804 4097 aliquo
1850 4014 2036 4076 modo
2081 4022 2146 4076 et
2188 4012 2318 4097 legi

138 4161 198 4210 et
235 4153 492 4237 intelligi
536 4167 790 4232 posset,
837 4154 1031 4233 'atque
1077 4148 1241 4213 adeo
1303 4146 1520 4210 haud
1586 4164 1837 4228 pauca
1897 4146 2316 4213 fatendum

145 4291 262 4347 est
324 4286 449 4349 vel
507 4303 697 4349 vere
759 4283 891 4346 vel
952 4278 1517 4364 probabiliter
1586 4275 2013 4342 emendata
2074 4296 2311 4342 esse:
