2824 4890
462 347 876 415 cchxxlv

460 531 624 595 euim
684 547 826 592 oum
884 526 1230 608 septenarii
1283 524 1631 606 legitimam
1677 523 1955 588 habeant
1997 534 2145 604 post
2183 534 2483 606 quartum
2527 536 2663 590 tro-

459 661 725 724 chaeum
749 703 769 740 ‚
832 676 959 721 non
1015 666 1117 719 est
1173 673 1252 719 ea
1306 653 1559 737 quidem
1621 675 1763 718 raro
1821 656 2152 736 neglecta,
2219 658 2338 719 sed
2383 678 2513 721 non
2561 669 2663 722 est

459 801 675 856 tamen
722 788 1185 874 quovismodo
1234 789 1552 870 neglecta.
1640 788 1897 869 Quippe
1940 789 2301 870 principalis
2345 808 2665 854 caesurae

458 926 631 987 illius
674 923 950 986 vicarias
995 930 1325 1002 poetarum
1369 938 1477 981 ars
1521 920 1755 982 ascivit
1804 920 2220 983 secundat-ias
2264 919 2455 998 duas,
2503 940 2668 1004 qua-

459 1051 597 1120 i·um
623 1055 825 1119 altera
847 1063 949 1117 est
974 1060 1127 1135 post
1148 1063 1432 1133 quartam
1456 1052 1676 1134 usim,
1721 1059 1870 1131 post
1890 1052 2171 1132 quintam
2195 1055 2397 1117 arsim
2420 1056 2669 1120 altera:

466 1461 1274 1544 Vtriusquee'l'rinummo
1318 1465 1614 1546 exempla
1658 1464 1944 1527 afferam.
2029 1464 2114 1524 Et
2159 1464 2377 1543 prius
2420 1463 2670 1546 quidem

466 1613 699 1678 genus,
744 1597 804 1657 in
848 1615 974 1678 quo
1017 1597 1389 1678 plerumque
1433 1594 1684 1659 accedit
1727 1605 1873 1676 post
1916 1599 2195 1678 quintam
2236 1598 2470 1660 thesim
2506 1617 2665 1661 cae-

466 1750 620 1796 sura
663 1732 914 1814 podica,
957 1733 1157 1793 babes
1201 1752 1264 1792 v.
1307 1729 1452 1793 333.
1495 1731 1637 1793 364.
1681 1730 1829 1795 370.
1875 1733 2019 1793 656.
2063 1732 2210 1795 845.
2261 1732 2462 1795 ¹0²3:

638 1863 815 1928 Nihil
842 1867 1129 1930 istorum.
1174 1863 1343 1943 Quid
1377 1864 1615 1947 igitur?
1665 1867 1792 1927 Per
1821 1862 2182 1928 edmitatem
2210 1863 2441 1947 edeptil
2473 1876 2667 1947 pater.

636 1971 732 2057 ᾖα
768 2014 890 2058 non
930 1997 1147 2075 multa,
1184 1994 1350 2076 quae
1386 1963 1625 2074 neuolt,
1666 1993 1993 2074 eueniunt,
2037 1996 2154 2057 uisi
2193 1993 2381 2057 fletdr
2417 1998 2671 2074 malust.

639 2127 740 2192 '1¹15
785 2128 972 2190 modo
1016 2148 1097 2198 ue
1140 2148 1240 2190 me
1285 2125 1627 2210 prdhibeas
1670 2125 1967 2209 accipere
2008 2130 2062 2191 si
2112 2127 2257 2210 quid
2299 2127 2409 2191 det
2454 2130 2627 2192 mihi.

638 2253 717 2326 'V
725 2273 750 2328 t
791 2284 922 2327 rem
967 2267 1228 2344 patriam
1273 2274 1338 2327 et
1382 2263 1647 2347 gldriam
1693 2266 1998 2331 maldrum
2043 2267 2351 2332 foedarim
2401 2288 2634 2333 meum.

637 2384 952 2461 'Aduenio
997 2418 1079 2460 ex
1127 2396 1460 2481 Seleticia,
1510 2400 1917 2487 Macedonia,
1962 2406 2123 2469 Asia
2163 2416 2358 2489 atque
2392 2394 2672 2474 'Au-abia.

639 2530 922 2611 Qudrum
968 2534 1179 2596 hercle
1222 2554 1385 2596 unus
1432 2530 1753 2616 stirpuerit
1799 2535 2072 2598 currenti
2120 2535 2361 2601 cursori
2405 2541 2635 2602 solum.

477 2668 760 2747 Quorum
807 2681 1379 2750 versuumquarto
1437 2669 1623 2731 facile
1666 2686 1834 2729 nunc
1878 2669 2261 2749 perspicitur
2305 2688 2495 2752 quam
2559 2690 2676 2733 su-

475 2817 936 2878 pervacaneam
1012 2799 1565 2879 transpositionam
1633 2798 1960 2860 bomanus
2034 2796 2402 2863 adhibuerit.
2523 2803 2676 2864 Non

480 2934 693 2988 autem
748 2927 971 2989 horum
1026 2929 1086 2990 iu
1153 2947 1475 2991 numerum
1541 2946 1620 2990 ea
1679 2928 1975 3009 exempla
2041 2929 2340 3010 veniunt,
2408 2950 2557 2995 eum
2614 2935 2677 2995 in

461 3067 701 3137 quarta
740 3059 907 3119 thesi
950 3058 1249 3121 desinens
1292 3061 1676 3124 vocabulum
1722 3061 1987 3123 elisione
2033 3061 2312 3124 ultimam
2357 3065 2678 3145 syllabam

365 3279 372 3287 ι
478 3197 748 3276 amittit,
792 3215 959 3279 quae
1002 3196 1058 3257 si
1100 3217 1223 3258 nou
1270 3196 1628 3279 elideretur,
1674 3195 1824 3258 nihil
1868 3194 1948 3256 ad
1990 3195 2317 3278 legitimae
2357 3213 2678 3259 caesurae

477 3329 862 3410 elegantiam
907 3329 1195 3411 deesset,
1241 3337 1309 3391 ut
1352 3348 1417 3392 v.
1458 3327 1606 3390 305.
1650 3326 1811 3388 326:

644 3457 975 3536 Quihomo
1003 3478 1143 3522 cum
1169 3462 1377 3522 animo
1408 3459 1550 3520 inde
1569 3457 1648 3521 ab
1672 3462 1929 3520 ineunte
1945 3455 2158 3520 aetate
2180 3453 2506 3537 depugnat
2536 3472 2683 3516 suo.

642 3576 1082 3653 'Adulescenti
1124 3593 1269 3655 hine
1305 3590 1548 3676 genere
1589 3608 1878 3672 summo,
1932 3584 2140 3651 amieo
2183 3603 2380 3670 atque
2427 3581 2685 3669 aequali

1843 3742 1987 3785 meo
2011 3744 2027 3785 ἓ

475 3861 838 3945 pariterque
881 3880 945 3921 v.
986 3859 1133 3923 302.
1177 3854 1320 3922 3ι3.
1361 3834 1504 3921 334.
1547 3855 1690 3920 367.
1732 3854 1885 3919 620.
1928 3854 2070 3919 6²6.
2126 3854 2271 3916 649.
2300 3855 2475 3952 ¹699.
2532 3852 2680 3916 m

469 3995 612 4059 857.
652 3994 798 4059 973.
842 3993 986 4057 982.
1023 3991 1168 4056 983.
1216 3993 1363 4055 986.
1409 3990 1551 4054 987.
1593 3991 1739 4053 988.
1789 3988 1966 4051 1126.
2018 3987 2215 4049 1144ε
2274 3987 2510 4068 quibus
2573 3995 2686 4049 ta-

474 4147 617 4189 men
662 4146 782 4189 non
827 4145 1015 4207 pares
1058 4147 1120 4190 v.
1148 4125 1292 4188 651.
1318 4125 1449 4189 690
1488 4125 1841 4206 horumque
1879 4122 2144 4202 similes,
2187 4121 2476 4202 legitima
2519 4136 2691 4183 eae·

474 4275 629 4322 sura
670 4278 903 4323 revera
944 4269 1274 4324 carentes:
