2824 4890
488 323 912 390 cchxxvt

491 504 655 568 1145
708 512 967 585 praesto
1024 512 1128 566 est
1183 513 1226 566 a
1279 502 1639 584 composito
1692 503 2050 587 vocabulo,
2111 506 2175 568 in
2235 506 2421 570 cuim
2476 507 2671 589 ipsam

488 638 971 701 commissuram
1016 654 1287 701 caesura
1327 637 1576 701 incidit:
2316 629 2322 633 ⁴

648 768 716 830 N
718 764 802 830 eui
827 770 1087 850 quirem
1115 769 1320 851 ipsam
1345 766 1571 849 posset
1594 767 2001 851 intellegere,
2039 768 2452 834 thensaurum
2478 780 2676 834 tuum.

487 898 674 979 Quae
716 899 770 961 si
812 900 914 961 cui
954 903 1288 986 excusatio
1331 917 1455 960 non
1495 899 1661 961 satis
1704 903 1927 981 gravis
1968 901 2291 984 videatur,
2334 901 2483 966 nibil
2533 907 2680 970 reli-

483 1049 676 1115 quum
718 1031 912 1092 fuerit
954 1031 1073 1092 nisi
1115 1038 1349 1111 poetae
1391 1030 1681 1093 nimirum
1727 1032 2088 1116 elegantiae
2129 1033 2308 1096 velut
2349 1034 2475 1099 hoc
2520 1037 2675 1100 arti-

484 1161 633 1226 ficio
678 1163 1044 1227 consuleret
1255 1127 1262 1134 f

650 1290 803 1357 Neri
844 1294 946 1376 qui
993 1292 1125 1355 rem
1169 1307 1436 1374 eampse
1477 1290 1856 1376 intellegere
1897 1293 2124 1377 posset
2165 1297 2254 1360 th.
2297 1306 2341 1359 t.

635 1426 831 1488 Nunc
871 1424 1066 1506 igitur
1109 1433 1177 1486 ut
1219 1422 1303 1485 ad
1347 1422 1779 1504 dactylum
1817 1427 2088 1507 quarti
2131 1425 2370 1508 pedis
2416 1427 2689 1503 redeam,

491 1543 632 1622 eius
676 1556 867 1620 venia
908 1555 1111 1619 omnis
1156 1564 1221 1617 et
1261 1554 1645 1618 brevissime
1704 1565 1772 1618 et
1835 1557 2197 1619 certissime
2237 1559 2336 1621 sic
2377 1556 2685 1641 definitur,

491 1709 564 1764 ut
606 1709 852 1762 tantum
900 1717 1023 1758 non
1071 1714 1328 1778 semper
1368 1715 1509 1759 cum
1580 1695 1864 1776 priore
1919 1712 2158 1776 genere
2199 1694 2483 1757 vicariae
2529 1712 2684 1758 cae-

493 1851 687 1896 surae
709 1831 1085 1893 coniunctus
1115 1847 1264 1891 esse
1312 1828 1579 1906 dicatur,
1619 1846 1930 1909 nunquam
1978 1845 2120 1890 cum
2165 1828 2524 1910 posteriore
2565 1847 2686 1910 ge-

357 1949 364 1956 ’
493 1974 669 2034 nere,
702 1954 838 2016 fere
868 1973 1183 2035 nunquam
1232 1971 1370 2016 cum
1416 1951 1705 2034 legitima
1748 1969 2036 2015 caesura.
2083 1948 2286 2013 Cuius
2330 1949 2425 2012 rei
2452 1967 2687 2013 caussa

493 2086 867 2171 perspicitur
917 2082 1299 2166 planissime.
1385 2083 1560 2144 Nam
1604 2081 1732 2161 illa,
1776 2101 1967 2164 quam
2012 2081 2217 2145 solam
2256 2099 2408 2144 esse
2451 2083 2688 2163 proba-

489 2230 620 2283 tam
666 2215 819 2297 dixi,
866 2215 1110 2278 ratione
1153 2213 1214 2275 ld
1262 2216 1468 2294 ipsum
1503 2212 1812 2288 ‚efficitur
1852 2223 1921 2277 ut
1975 2215 2056 2276 ab
2109 2212 2239 2276 arsi
2280 2231 2407 2275 sua
2447 2211 2689 2280 duabus

482 2349 791 2412 brevibus
830 2348 1100 2430 syllabis
1126 2347 1454 2428 diremptis
1488 2347 1851 2427 dactylicus
1879 2331 2189 2409 numerus
2232 2344 2494 2427 aegrius
2538 2365 2686 2426 per-

482 2483 752 2570 cipiatur
795 2495 861 2548 et
903 2482 1364 2567 quodammodo
1407 2481 1603 2544 lateat
1646 2496 1872 2543 aures:
1915 2487 2138 2543 contra
2181 2477 2345 2540 idem
2386 2476 2451 2539 in
2492 2494 2683 2540 aures

480 2627 780 2701 tanquam
823 2614 1220 2698 impingitur,
1286 2613 1343 2674 si
1399 2621 1511 2675 aut
1553 2612 1723 2673 nullo
1768 2619 1880 2673 aut
1922 2614 2106 2673 unius
2147 2609 2442 2693 syllabae
2484 2610 2683 2674 inter-

481 2752 658 2814 vallo
704 2758 852 2831 post
895 2748 1219 2829 dactylum
1247 2765 1448 2829 pausa
1492 2746 1562 2808 fit
1606 2747 1789 2809 vocis
1827 2746 1888 2809 in
1933 2764 2224 2827 caesura,
2250 2763 2374 2826 quo
2412 2743 2688 2826 rapidior

484 2880 559 2942 fit
599 2888 666 2941 et
704 2877 1064 2942 distinctius
1089 2880 1368 2938 sentitur
1389 2894 1916 2960 praegressarum
1963 2878 2352 2960 syllabarum
2399 2895 2686 2958 pronun-

483 3006 680 3072 tiatio.
766 3008 989 3088 ltaque
1033 3005 1235 3068 thesis
1277 3004 1381 3067 illa
1422 3005 1742 3087 dactylica
1784 3016 1898 3070 aut
1938 3010 2003 3071 in
2041 3007 2341 3090 longioris
2385 3008 2689 3072 vocabuli

484 3139 667 3204 initio
712 3132 1217 3221 consistit‘aut‚
1283 3139 1450 3222 quod
1498 3140 1695 3203 multo
1741 3125 2133 3222 frequentius
2174 3147 2302 3221 est,
2346 3157 2470 3201 una
2512 3139 2687 3203 dua-

479 3271 693 3336 busve
731 3273 1134 3343 brevissimis
1177 3271 1430 3335 voculis
1454 3270 1752 3351 efficitur,
1783 3290 2042 3354 quarum
2068 3292 2147 3336 ea
2170 3273 2258 3335 sit
2289 3275 2689 3336 constructio

478 3410 550 3465 ut
589 3401 673 3465 ad
714 3402 1427 3484 proximapertineant.
1510 3402 1855 3466 Illiusmodi
1900 3412 2004 3467 est
2044 3403 2217 3466 Trin-
2258 3402 2416 3467 338:

646 3533 816 3614 Quia
858 3539 998 3599 sine
1042 3539 1207 3600 omni
1251 3534 1576 3617 militiast,
1619 3536 1886 3600 tolerare
1929 3538 1990 3601 ei
2028 3537 2393 3622 egestatem
2438 3541 2636 3604 uolo:

477 3662 824 3727 usitatiorls
877 3665 1123 3728 fon-mae
1179 3666 1345 3729 baec
1403 3675 1598 3729 sunto
1654 3642 1948 3748 exempla
1990 3685 2052 3732 v.
2092 3665 2224 3731 306
2260 3666 2375 3741 (de
2419 3684 2551 3750 quo
2597 3667 2690 3731 cf.

477 3824 540 3887 p.
610 3822 925 3869 chxxm.
984 3816 1051 3869 et
1109 3806 1416 3885 ccxxtx.)
1485 3805 1628 3871 316.
1690 3804 1835 3870 366.
1907 3805 2053 3871 630.
2111 3807 2255 3871 696.
2307 3806 2452 3873 715.
2528 3808 2679 3884 888⁵

473 3941 626 4006 item
670 3943 909 4006 Bacch.
951 3942 1056 4007 35.
1095 3942 1241 4007 375.
1283 3943 1431 4022 685,
1465 3945 1621 4010 699:

638 4032 859 4138 <strum
875 4073 1048 4139 itane
1076 4092 1227 4138 esse
1253 4072 1537 4159 mauelit,
1558 4073 2055 4140 neminimus
2082 4092 2354 4157 aequom
2382 4073 2685 4141 ce'nscnt.

640 4192 751 4269 Ne
788 4204 1280 4288 aegritudinem,
1323 4217 1529 4290 pater,
1570 4210 1690 4272 teba·
1727 4205 2036 4290 peterem,
2079 4204 2251 4288 parsi
2292 4203 2551 4273 sedulo.
