2824 4890
2105 351 2295 417 nvn
2331 408 2334 413 .

160 524 226 587 ad
275 527 719 593 instaurandum
782 531 1075 596 Plautum
1139 533 1360 599 ducem
1423 553 1577 598 esse
1602 587 1622 619 ‚
1686 547 1982 622 qnantum
2043 551 2110 603 et
2169 560 2296 623 ego

161 657 386 722 debeam
428 670 489 723 et
530 661 746 725 deberi
792 662 851 724 in
900 661 1024 725 hoc
1062 684 1299 749 genere
1345 668 1646 732 universo
1691 670 1772 733 ab
1809 672 2099 735 omnibus
2139 691 2298 738 sen-

153 796 311 878 tiam,
366 816 503 861 cum
560 799 709 861 alibi
758 799 886 863 dixi
931 819 1075 864 cum
1120 801 1552 865 admirabundi
1596 804 1788 866 animi
1832 804 2301 897 significatione

149 936 254 989 tum
293 930 677 992 enucleatius
716 931 779 993 in
822 932 1096 1011 epistula
1139 934 1247 995 illa
1288 933 1758 998 Mediolanensi
1802 935 2124 1000 declaravi
2166 950 2297 1002 turn

144 1060 370 1142 siugulis
419 1065 674 1146 paginis
716 1064 1063 1127 Trinummi
1122 1066 1320 1129 nostri
1373 1075 1671 1131 testatum
1737 1068 1876 1135 feci.
1962 1070 2089 1149 Qui
2131 1073 2297 1155 quod

144 1196 195 1258 in
240 1214 348 1260 sna
398 1199 748 1263 Trinummi
806 1200 1120 1282 editione,
1184 1219 1374 1283 quam
1431 1201 1663 1266 abhinc
1703 1202 2040 1267 'dimidium
2096 1206 2297 1269 ferme

146 1330 425 1395 saeculum
470 1337 729 1416 emisit,
786 1334 1005 1397 multis
1047 1336 1248 1398 locum
1296 1339 1624 1398 concessit
1667 1354 1834 1417 quae
1889 1355 2012 1399 nec
2066 1338 2145 1399 ab
2190 1339 2294 1402 illo

150 1478 276 1523 nuuc
307 1464 641 1529 defensum
681 1466 755 1529 iri
799 1466 1135 1530 videantur
1178 1485 1300 1529 nec
1344 1469 1593 1549 probari
1640 1488 1679 1531 a
1714 1471 1900 1532 nobis
1924 1480 2290 1552 potuerunt:

146 1589 196 1653 id
227 1604 281 1658 ut
315 1598 394 1659 ita
436 1616 597 1660 esse
640 1598 1147 1681 intelligeremus
1201 1601 1432 1681 partim
1487 1599 1688 1680 ipsius
1746 1600 2025 1666 doctrina
2073 1622 2152 1665 ac
2188 1603 2294 1666 di-

138 1726 355 1807 sciplina
403 1731 664 1814 effecit,
725 1733 951 1812 partim
1011 1732 1570 1795 instrumentorum
1630 1733 1713 1797 ad
1759 1736 2043 1801 criticam
2101 1738 2292 1804 facti-

138 1858 348 1924 tandum
389 1865 904 1927 necessariorum
963 1872 1030 1927 et
1078 1864 1322 1946 plenior
1381 1866 1664 1947 cognitio
1707 1875 1774 1929 et
1810 1871 2020 1934 verior
2064 1874 2294 1937 existi-⁶

131 1992 306 2057 matio.
408 1996 872 2059 Hermnnuiani
938 2007 1152 2060 autem
1219 2000 1701 2085 Bentleianique
1769 2007 2094 2087 exempli,
2168 2027 2291 2091 quo

132 2121 331 2186 tamdiu
371 2127 454 2190 uti
501 2130 738 2190 nesciit
779 2129 1146 2194 inertiorum
1185 2131 1478 2214 tarditas,
1518 2134 1646 2197 viru
1690 2145 1755 2198 et
1795 2141 2094 2204 virtutem
2126 2161 2294 2206 nunc

129 2255 343 2320 tandem
383 2261 704 2324 laetamur
744 2262 835 2325 ita
881 2266 1243 2326 enitescere
1275 2274 1337 2326 et
1369 2264 1430 2327 in
1459 2266 1597 2328 dies
1627 2270 1835 2350 magis
1862 2271 2291 2359 invalescere,

124 2390 181 2444 ut
213 2385 321 2451 iam
363 2392 761 2473 sperandum
805 2396 894 2456 sit
935 2393 1075 2457 l'ore
1116 2403 1184 2458 ut
1225 2399 1560 2462 multorum
1605 2404 1941 2468 coniuncta
1984 2407 2294 2477 industria

127 2515 207 2578 aui
246 2521 491 2586 similior
546 2523 814 2587 Plautus
857 2523 1134 2591 evadat:
1198 2528 1450 2608 quando
1508 2549 1627 2592 nec
1671 2533 1857 2596 unius
1898 2540 2129 2601 aetatis
2170 2541 2292 2604 fuit

125 2663 222 2711 uec
268 2652 533 2718 hominis
602 2663 704 2717 eat
762 2655 949 2718 unius
1002 2657 1345 2721 emendare
1405 2661 1741 2747 Plautum,
1803 2667 1904 2749 qui
1964 2676 2291 2751 personari

126 2785 336 2863 quidem
377 2808 621 2853 vereor
668 2798 740 2852 ut
791 2808 1066 2872 unquam
1130 2793 1354 2873 possit.
1441 2796 1543 2857 Ex
1587 2796 1710 2858 illis
1757 2818 1860 2862 me
1905 2821 2055 2866 esse
2097 2825 2287 2872 unum

126 2916 279 3001 velo,
332 2929 397 2985 et
452 2940 606 2984 eum
665 2920 917 3004 quidem
975 2922 1082 3004 qui
1136 2922 1400 3005 reliquis
1443 2926 1822 2992 emendandi
1871 2935 2292 3004 instrumenta

126 3066 304 3127 parem
341 3064 403 3118 et
446 3064 759 3136 tanquam
801 3053 1221 3117 mudamente
1267 3056 1534 3134 inciam,
1606 3061 1832 3141 quibus
1886 3069 2122 3133 maiora
2182 3086 2292 3137 aut

124 3178 391 3250 limatior-a
432 3197 889 3269 superstruere
932 3189 1141 3252 futura·
1180 3198 1364 3254 aetas
1407 3195 1631 3273 possit.
1690 3196 1936 3275 Quodsi
1973 3218 2014 3262 a
2057 3204 2288 3268 talibus

122 3315 307 3393 perfici
362 3321 733 3387 inchoatum
791 3338 952 3403 opus
1008 3320 1236 3385 videro
1263 3368 1282 3401 ,
1346 3323 1573 3405 quales
1634 3326 1696 3387 in
1759 3329 1980 3391 critico
2046 3337 2289 3413 genere

123 3454 374 3518 acerrimi
416 3453 729 3519 Alfi-edus
772 3429 1196 3520 Pamisus
1240 3467 1307 3520 et
1351 3460 1440 3520 lo.
1487 3459 1851 3524 Bernartius
1880 3464 2126 3531 Lotus
2150 3469 2287 3531 Ba-

123 3588 282 3647 tavus
322 3607 526 3670 nuper
564 3589 945 3655 extiterunt:
998 3591 1228 3673 quibus
1271 3610 1414 3656 curn
1459 3593 1646 3657 laude
1687 3617 1890 3680 nuuc,
1948 3610 2285 3684 postquam

121 3713 263 3779 vitm
303 3720 447 3784 olim
489 3720 823 3802 probatam
866 3721 1221 3807 dereliquit,
1266 3726 1341 3790 C.
1378 3728 1456 3790 F.
1501 3727 1993 3795 KAMPMANst
2036 3732 2285 3798 addeu-

119 3841 260 3910 dus:
299 3853 450 3916 artis
492 3862 709 3916 autem
736 3855 1072 3918 Plautinae
1113 3855 1530 3922 felicissimus
1570 3866 1882 3946 interpres
1907 3865 2285 3931 Theodorus

116 3975 576 4050 Laozwrowst
642 3984 807 4049 bene
859 3998 1071 4051 actum
1132 3993 1252 4052 erit
1309 3989 1391 4052 de
1450 3992 1701 4060 Plauto.
1801 3971 2106 4077 Reliquos
2158 4018 2284 4065 non

116 4126 338 4174 moror.-
378 4134 456 4178 οε
500 4126 601 4179 est
644 4119 811 4181 eniim
854 4119 1047 4183 huius
1089 4125 1488 4216 potissimum
1532 4130 1824 4211 generis,
1880 4130 2047 4211 quod
2092 4142 2285 4197 vete·
2394 4161 2402 4178 ¹

119 4257 241 4307 run
301 4260 625 4330 poetarum
689 4249 1017 4317 latinorum
1084 4247 1467 4321 tractatione
1539 4263 1930 4344 continetur,
2000 4270 2159 4334 ratio
2220 4281 2284 4334 et
