2824 4890
1985 376 2293 441 xxxm

163 545 648 651 Amphitruonem,
696 567 1080 643 Asinariam,
1129 565 1512 627 Aululariam
1561 580 1742 625 nvnt.
1788 565 2058 646 paginae
2082 563 2300 626 Vete-

156 707 261 784 ris.
318 704 552 768 totidem
623 711 835 765 autem
905 701 1308 763 membranae
1369 699 1695 761 Vrsiniani
1765 699 2040 780 capiant.
2147 696 2296 775 Qua

150 835 359 916 quidem
411 838 822 921 congruentia
883 836 1386 898 luculentissime
1444 836 1743 916 probatur
1801 856 1882 897 ex
1940 853 2067 896 uno
2126 834 2303 897 fonte

152 978 201 1029 et
240 974 289 1032 B
326 980 380 1031 et
425 974 536 1035 ΟΠ
581 989 900 1035 manasse.
986 972 1387 1033 Discriminis
1432 981 1644 1034 autem
1690 971 1851 1033 inter
1894 971 2038 1035 Oct
2068 974 2131 1033 D
2163 969 2297 1031 fere

147 1099 246 1162 hoc
282 1111 499 1163 tantum
554 1102 931 1185 intercedit,
989 1101 1156 1185 quod
1217 1102 1321 1164 hic
1373 1111 1441 1164 et
1495 1122 1617 1165 una
1674 1121 1863 1165 manu
1925 1120 2131 1182 eaque
2187 1108 2293 1164 sat

148 1234 510 1314 aequabiliter
552 1234 832 1316 scriptus
878 1243 1022 1312 cst,
1078 1242 1141 1296 et
1183 1232 1503 1315 aliquanto
1548 1251 1734 1315 quam
1782 1232 1843 1294 0
1875 1236 2140 1313 saepius
2179 1251 2299 1295 ea-

148 1366 259 1427 dem
297 1387 465 1429 manu
510 1369 673 1431 intcr
713 1365 1111 1431 scribendum
1159 1373 1528 1443 correctuS‚
1587 1374 1649 1429 ct
1704 1366 1763 1427 iu
1807 1366 2144 1428 verborum
2192 1367 2292 1428 di-

156 1496 431 1559 stinctione
473 1498 687 1559 minus
724 1497 1044 1559 vitiosus:
1104 1513 1230 1576 quo
1272 1502 1566 1576 quartum
1611 1492 1736 1554 hoc
1785 1494 2075 1570 accedit,
2128 1494 2298 1576 quod

148 1630 610 1707 compendiorum
670 1629 984 1691 scribendi
1022 1588 1262 1711 xpaullo
1321 1628 1714 1709 frequentior
1770 1645 1932 1689 usus
1990 1629 2050 1690 in
2093 1630 2157 1691 D
2200 1635 2301 1687 cst

142 1775 296 1839 quam
336 1765 432 1825 vel
476 1764 543 1824 in
593 1765 655 1825 B
698 1763 803 1824 vel
847 1765 913 1824 in
959 1763 1032 1838 C',
1079 1762 1139 1822 in
1181 1761 1409 1842 quibus
1433 1770 1687 1851 praeter
1716 1778 1773 1842 φ
1801 1780 2075 1842 proque,
2123 1782 2158 1854 ς
2183 1782 2295 1843 pro

137 1911 212 1964 ae,
251 1894 296 1952 εἴ
328 1915 430 1976 pro
471 1916 590 1957 um
638 1902 703 1955 et
748 1912 913 1975 quae
957 1893 1242 1962 eiusdem
1298 1903 1449 1956 sunt
1491 1894 1790 1975 generis,
1841 1913 2046 1977 pauca
2088 1895 2298 1957 illius-

137 2023 271 2085 modi
311 2028 604 2109 exempla
650 2035 926 2088 exstant.

265 2170 340 2238 E
381 2192 598 2238 meus
642 2185 769 2255 est,
816 2172 1107 2237 undecim
1154 2176 1383 2237 abhinc
1424 2193 1628 2237 annos
1674 2183 1929 2255 emptus
1973 2194 2011 2238 a
2059 2173 2301 2238 Melino

135 2301 458 2371 Florentino
519 2309 781 2371 librario
849 2317 916 2370 et
975 2308 1366 2403 antiquarioz
1435 2307 1817 2369 chartaceus
1878 2307 2123 2370 saeculi
2179 2324 2299 2388 xv,

133 2432 337 2500 formae
379 2442 705 2503 maximae
750 2440 865 2503 sed
911 2438 1197 2503 modicae
1243 2459 1596 2520 mensurae,
1640 2440 1927 2502 foliorum
1974 2455 2302 2520 ccnxxw,

133 2585 354 2648 quorum
395 2593 596 2637 unum
642 2575 803 2636 iuter
849 2576 1207 2637 Asinariam
1257 2582 1321 2636 et
1370 2576 1793 2651 Aululariam,
1837 2575 1963 2636 duo
2007 2583 2073 2636 et
2116 2573 2304 2636 dimi-

132 2693 270 2762 dium
310 2702 465 2767 iuter
507 2703 853 2786 Epidicum
899 2717 964 2767 et
1003 2706 1364 2770 Bacchides
1412 2708 1721 2788 scriptura
1770 2714 2034 2786 vacant,
2077 2725 2118 2770 a
2162 2706 2305 2769 sin—

132 2834 375 2909 gularnm
441 2836 827 2920 paginarum
886 2839 1180 2900 versibus
1228 2857 1409 2902 xxxx.
1469 2838 1549 2901 ad
1607 2852 1887 2904 xxxvm.
1945 2836 2305 2922 procedens

133 2964 274 3028 nulla
331 2969 717 3032 constantia.
825 2971 895 3031 ln
964 2971 1335 3052 praemissis
1397 2972 1740 3036 chartaceo
1803 2973 2007 3037 codici
2071 2970 2311 3052 aliquot

131 3103 477 3169 membranis
524 3125 672 3168 cum
718 3115 1025 3187 excerpta
1072 3079 1384 3171 e⁰Plauto
1431 3109 1744 3191 quaedam
1789 3120 1918 3174 tum
1962 3108 2154 3172 index
2193 3110 2304 3172 fa-

136 3222 383 3294 bularum
426 3242 567 3296 tum
615 3232 775 3298 haec
818 3236 1151 3317 leguntur:
1211 3224 1603 3319 ‘Sabastiarrj
1655 3237 1986 3320 Beniuienj
2031 3237 2102 3303 ὦ
2145 3242 2308 3304 ami-

131 3361 273 3437 ⁰⁰24·
368 3363 538 3443 Quis
586 3384 728 3427 eum
774 3375 952 3429 tenet
997 3368 1116 3430 sub
1152 3387 1317 3450 pena
1361 3371 2037 3432 excommunicationis
2067 3369 2310 3452 papalis

128 3484 362 3557 reddat?
446 3500 853 3562 Posteriores
900 3501 1149 3564 fabulas
1192 3523 1305 3566 xn.
1350 3505 1635 3568 secunda
1689 3524 1918 3568 manus
1974 3513 2151 3569 tanta
2193 3523 2309 3567 sc-

131 3614 361 3687 dulitate
402 3629 720 3712 correxit,
767 3641 838 3692 ut
881 3631 1005 3693 hac
1048 3632 1109 3693 iu
1147 3647 1329 3714 parte
1372 3654 1638 3716 prorsus
1679 3654 1790 3716 pro
1836 3636 2082 3699 duobus
2125 3638 2309 3702 codi-

128 3751 288 3817 cibus
327 3759 663 3824 habendus
705 3765 809 3825 sit.
896 3766 1172 3829 Primam
1218 3769 1407 3852 igitur
1452 3778 1518 3831 et
1560 3768 1905 3832 secundam
1956 3790 2218 3858 manum,
2252 3771 2312 3833 in

122 3895 525 3956 annotatione
567 3914 709 3957 mea
751 3894 989 3958 additis
1035 3909 1099 3962 a
1146 3908 1211 3959 et
1255 3895 1316 3964 b
1365 3901 1635 3982 litteris,
1681 3910 1745 3962 ut
1789 3903 1972 3964 soleo
2014 3902 2205 3964 etiam
2252 3903 2312 3964 in

123 4019 360 4103 reliquis
404 4027 776 4112 codicibus,
839 4029 1267 4097 discriminavi
1318 4053 1522 4116 usque
1578 4036 1661 4097 ad
1725 4035 1996 4098 mediam
2052 4052 2312 4097 scenam

125 4167 207 4213 lv.
248 4166 430 4218 actus
475 4177 565 4220 nx
601 4157 746 4222 hinc
788 4159 869 4223 de
909 4162 1201 4223 secunda
1248 4182 1435 4224 manu
1483 4175 1740 4245 propter
1784 4182 1899 4226 eas
1946 4184 2109 4247 quae
2149 4167 2311 4231 infra

128 4289 414 4366 patefient
474 4309 752 4357 caussas
808 4294 1186 4378 plerumque
1243 4314 1508 4378 prorsus
1568 4297 1758 4361 tacui.
1845 4297 2165 4364 Versuum
2212 4301 2317 4365 di-

270 4418 404 4461 mnu
427 4421 553 4461 c...
578 4420 619 4462 r.x
646 4422 681 4465 r.
710 4422 826 4466 mm
1943 4423 1985 4469 c
