2824 4890
530 351 819 417 hxxw

536 554 665 618 que
708 534 788 596 ab
833 533 971 614 ipso
1019 531 1311 595 Plautino
1363 525 1950 593 conformandarum
2008 521 2486 586 enuntiationum
2535 532 2676 579 more

534 666 973 749 praestabilior
997 662 1400 728 Ambrosiani
1444 662 1697 724 demum
1743 659 2052 723 beneflcio
2094 657 2378 739 restituta
2415 658 2525 715 est.
2562 649 2678 711 Hoc

528 801 717 884 igitur
775 798 1194 862 confidentius
1250 796 1357 856 vel
1414 796 1774 855 sententiae
1816 806 2306 852 numerorumve
2346 784 2565 847 ratione
2600 783 2678 844 iu-

536 934 726 996 bente
774 932 881 995 vel
925 930 1240 993 suadente
1298 924 1786 997 constructionis
1832 920 2284 984 commoditate
2329 928 2511 998 atque
2550 929 2680 974 con-

531 1071 839 1135 cinnitate
896 1066 1049 1129 talia
1104 1063 1512 1144 reposuimus
1568 1069 1640 1122 ut
1695 1077 1761 1122 v.
1801 1057 1887 1120 85
1939 1061 2051 1137 qm·
2098 1073 2209 1136 pro
2254 1053 2419 1135 quod
2459 1047 2533 1110 ad
2571 1048 2686 1107 loni

537 1200 829 1283 relatum,
873 1197 1319 1277 simiilimoque
1362 1190 1657 1272 exemplo
1702 1189 1917 1252 v.940
1955 1195 2151 1266 caput
2184 1190 2389 1248 amnis
2429 1185 2551 1263 qui,
2586 1192 2683 1237 uon

536 1333 740 1413 quod,
782 1329 930 1390 item
975 1345 1040 1387 v.
1082 1324 1209 1386 492
1249 1341 1440 1403 quam
1474 1340 1690 1400 quom,
1737 1305 1859 1380 non
1906 1322 2019 1398 qm·
2057 1336 2273 1398 quom,
2320 1308 2683 1387 eiusdemque

533 1467 801 1548 generis
857 1460 1002 1522 alia.
1091 1457 1372 1518 Evanuit
1434 1469 1604 1515 nunc
1647 1449 1900 1514 tandem
1957 1450 2146 1512 etiam
2207 1449 2524 1524 soloecum
2567 1437 2685 1504 inud

521 1599 656 1677 qui
694 1615 827 1673 eqo
869 1614 933 1658 v.
954 1591 1105 1668 848,
1149 1589 1331 1651 cuius
1376 1588 1438 1649 in
1481 1587 1688 1647 locum
1736 1588 1888 1664 quia
1919 1602 2033 1661 eqo
2072 1601 2159 1643 ex
2200 1581 2267 1643 A
2313 1585 2685 1642 revocatum:

476 1766 482 1773 ·
527 1746 675 1789 nam
731 1726 967 1788 frustra
1021 1725 1277 1786 fuerunt
1318 1721 1423 1802 qui
1462 1719 1611 1782 illud
1656 1718 1903 1781 collatis
1945 1735 2011 1777 v.
2056 1718 2201 1780 929.
2244 1712 2372 1778 937
2415 1704 2685 1774 defende·

524 1866 699 1933 rent,
745 1856 967 1937 quibus
1011 1858 1125 1933 qui
1161 1856 1331 1931 ipse,
1378 1856 1622 1927 egomet
1659 1857 1725 1910 et
1768 1851 1896 1928 qui,
1939 1854 2184 1926 eqomet
2221 1836 2686 1928 interpungendo

493 2000 498 2013 ⁴
533 1986 1198 2051 dirimenda·fuerunt.
1283 1984 1436 2045 Nec
1476 1983 1618 2062 plus
1664 1979 1811 2042 fidei
1853 1998 2055 2060 prava
2093 1956 2523 2060 pronominum
2561 1989 2692 2034 con-

527 2123 800 2185 sociatio
858 2140 1126 2201 quorum
1184 2138 1402 2180 eorum
1445 2138 1507 2182 v,
1556 2114 1723 2179 1023
1778 2113 1972 2176 habet
1995 2157 2014 2190 ,
2077 2132 2245 2193 quae
2302 2093 2691 2191 διττογραφία

530 2264 637 2319 est
678 2262 745 2316 ut
791 2273 856 2315 v.
878 2251 980 2317 33.
1027 2255 1183 2314 item
1226 2251 1651 2314 reiectaneum
1697 2252 1812 2327 qm·
1847 2264 1960 2327 pro
2002 2250 2148 2326 quis
2193 2245 2254 2307 in
2289 2231 2694 2320 interrogando

526 2409 596 2453 v.
635 2388 779 2452 929.
826 2385 1024 2452 1083:
1082 2393 1302 2449 contra
1360 2400 1480 2464 pro
1522 2383 1743 2463 ecquis
1795 2376 2232 2440 revocandum
2291 2378 2532 2459 ecqui
2579 2386 2695 2434 cum

523 2538 726 2603 saepe
765 2520 933 2602 apud
975 2521 1271 2584 Plautum
1314 2518 1459 2580 alibi
1504 2528 1633 2580 tum
1677 2518 1847 2583 Tria.
1892 2515 2039 2579 870.

1323 2837 1646 2893 CAPv'l'
1695 2836 1912 2891 vlu.

691 3021 826 3085 Sed
884 3041 965 3084 ne
1011 3022 1216 3086 delabi
1269 3025 1351 3086 ad
1395 3025 1693 3108 vulgaria
1751 3025 1969 3107 dicar,
2028 3029 2128 3092 his
2171 3051 2343 3095 nunc
2385 3021 2700 3096 relictis-id

526 3154 736 3234 potius
777 3172 966 3236 agam
1009 3154 1217 3218 fructu
1262 3167 1330 3218 ut
1371 3157 1636 3220 arbitror
1687 3159 1899 3239 paullo
1957 3161 2228 3243 maiore,
2296 3176 2373 3228 ut
2428 3167 2549 3229 iam
2600 3176 2704 3224 non

525 3286 820 3352 discretis
884 3288 1260 3352 emendandi
1316 3292 1666 3374 generibus
1728 3301 1927 3355 totam
1985 3293 2266 3358 fabulam
2328 3314 2369 3358 a
2424 3296 2601 3359 nobis
2647 3295 2704 3352 ut

520 3421 847 3506 potuimus
888 3432 1221 3528 purgatam
1264 3443 1624 3504 percurram
1669 3446 1753 3489 ex
1792 3445 1997 3509 eaque
2043 3448 2157 3510 per
2198 3440 2491 3494 saturam
2535 3439 2705 3491 nota-
2773 3423 2774 3450 ᾗ

522 3558 747 3620 biliora
789 3578 1180 3643 proponam,
1248 3559 1418 3622 unde
1475 3539 1707 3643 aliquid
1751 3561 2112 3643 profecisse
2153 3564 2431 3629 scientia
2476 3565 2707 3645 linguae

519 3693 756 3757 latinae
792 3695 1108 3759 videatur.

682 3837 788 3900 Ac
843 3857 1015 3901 nova
1076 3839 1387 3903 vocabula
1443 3839 1559 3902 vix
1616 3837 1808 3902 dubia
1863 3837 2310 3901 emendatione
2367 3832 2710 3918 prodierunt

517 3991 584 4037 v.
628 3971 756 4036 692
790 3980 855 4036 et
896 3973 1023 4036 693
1063 3975 1404 4036 lutitant
1448 3982 1515 4036 et
1558 3974 2037 4048 conlutitet,
2095 3988 2242 4033 cum
2289 3968 2579 4033 ficticiae
2618 3964 2711 4024 lu-

516 4106 729 4168 tulare
769 4116 837 4170 et
881 4107 1263 4172 collaudare
1302 4106 1585 4188 formae,
1631 4123 1793 4190 quas
1836 4124 1917 4167 ne
1960 4103 2221 4167 codices
2257 4100 2524 4183 quidem
2568 4093 2713 4159 satis

518 4248 793 4323 tuentur,
837 4242 1143 4305 rationem
1187 4261 1311 4305 uon
1356 4241 1651 4304 babeant.
1680 4274 1761 4287 —
1806 4239 1955 4301 Non
1999 4237 2210 4322 magis
2251 4246 2439 4300 recte
2481 4197 2707 4298 factum
