2824 4890
1901 336 2249 402 CXXXIX

132 521 297 592 gatar.
348 513 468 578 Sed
501 526 561 577 et
605 517 657 577 in
702 515 910 578 medio
954 534 1156 579 versu
1200 536 1363 581 cave
1407 517 1565 599 quid
1598 518 1719 581 Ιιὸι·
1761 522 1930 599 quod
1972 518 2035 579 τό
2074 537 2245 596 rogo,

128 649 429 728 praesertim
478 651 532 711 in
581 650 677 712 illa
728 650 1165 713 distributione
1208 669 1666 732 personarum,
1726 651 2055 734 probatum
2101 619 2253 713 esse

127 799 170 839 v.
201 781 315 842 93ss
356 783 452 844 tibi
509 783 899 865 persuadeas
899 827 938 866 ·,
1001 793 1065 846 et
1123 783 1183 845 in
1246 783 1388 865 ipso
1450 783 1753 865 principio
1800 783 1918 845 Set
1974 776 2095 843 Ιιὸσ
2153 801 2251 842 me

121 913 274 975 tinum
311 915 633 998 placuisse,
677 914 847 997 quod
894 913 1105 978 v.394
1146 914 1422 977 deterior
1467 915 1525 976 in
1561 907 1695 978 'hoc
1739 914 2053 977 Palatinis
2087 915 2252 975 Am-

122 1043 393 1111 brosianus
433 1050 704 1112 exhibet.
749 1050 950 1112 Porro
994 1059 1207 1112 autem
1252 1048 1424 1111 nihili
1469 1068 1619 1111 esse
1664 1066 1894 1110 versus
1921 1049 2044 1110 595
2077 1046 2251 1108 initio

126 1179 386 1244 mirificum
448 1185 694 1246 scilicet
761 1183 1402 1266 proceleusmaticum
1473 1182 1591 1244 Se!
1649 1181 1719 1242 i'd
1778 1185 1842 1241 si
1907 1178 2254 1251 cile‘ena'tur,

116 1313 220 1388 ips·
253 1320 640 1396 grammatica
686 1302 939 1401 arguit,
985 1338 1148 1401 quae
1191 1319 1419 1381 saltem
1465 1322 1522 1378 is
1539 1362 1561 1396 ,
1608 1336 1736 1379 non
1777 1317 1846 1376 id
1885 1313 2252 1394 flagitatura

114 1441 188 1502 Sit-
256 1447 306 1507 A
344 1453 655 1513 sententia
696 1451 1121 1513 reiectaueum
1184 1471 1247 1517 v,
1289 1452 1375 1513 85
1420 1450 1607 1526 Quod
1663 1446 1731 1512 i'n
1777 1450 2053 1512 cu'lmine
2095 1446 2250 1510 Facit.

115 1585 165 1635 ut
197 1579 350 1640 etiam
382 1581 801 1643 confidentius
831 1580 1021 1656 Quo'a
1078 1577 1147 1642 i'n
1189 1602 1385 1642 marm
1425 1543 1492 1642 ἢν.
1515 1583 1640 1643 914
1670 1582 2048 1643 reiiciamus.
2092 1578 2243 1640 Non

114 1706 224 1784 plus
257 1709 378 1772 fidei
419 1720 778 1794 correptum
827 1722 972 1775 ante
1015 1720 1474 1775 consonantem
1523 1721 1586 1774 et
1626 1711 1848 1774 habet:
1916 1712 2033 1772 nisi
2075 1710 2244 1792 quod

110 1838 154 1899 in
189 1845 487 1907 octonariis
515 1862 677 1906 sane
706 1844 949 1907 licuerit
992 1843 1273 1906 fortasse
1322 1846 1598 1907 tolerare
1649 1843 1714 1905 ἔτ
1747 1846 1961 1923 yra'lis
2002 1863 2068 1909 v,
2093 1844 2242 1923 821,

114 1970 190 2033 ubi
233 1984 417 2039 tamen
474 1978 664 2041 nobis
706 1978 828 2039 alia
875 1977 1033 2039 ratio
1082 1977 1347 2059 probata
1391 1987 1508 2040 est.
1596 1978 1882 2058 Denique
1926 1976 2073 2039 ferri
2116 1996 2241 2039 non

106 2109 265 2183 potuit
311 2128 371 2172 v,
410 2112 533 2174 482
591 2112 823 2174 πιέν-ατη
870 2110 1044 2192 quo'd
1089 2108 1176 2172 dd
1226 2119 1513 2178 uentrem
1571 2113 1812 2170 (illinet.
1898 2109 2037 2171 Vbi
2096 2129 2241 2174 cum

103 2235 265 2304 deleta
302 2247 765 2328 praepositione
807 2265 930 2307 non
976 2244 1252 2307 satisfiat
1294 2243 1586 2327 loquendi
1635 2243 1776 2307 usui
1823 2244 2070 2325 Plauti,
2138 2243 2243 2326 qui

105 2373 194 2434 soli
229 2379 577 2441 accusativo
637 2378 910 2441 iunctum
959 2383 1230 2439 attinere
1293 2377 1558 2437 verbum
1623 2377 1905 2458 ignorat,
1967 2395 2007 2436 a
2051 2395 2239 2437 manu

95 2519 281 2584 poetae
316 2512 511 2575 visum
559 2523 669 2575 est
713 2515 883 2593 quod
918 2520 1203 2573 uentrem
1245 2515 1542 2588 altiyit
1585 2508 1923 2589 prodiisse,
1971 2508 2071 2569 cui
2117 2527 2242 2569 ex-

98 2638 336 2714 plicando
375 2644 605 2705 ascribi
652 2646 854 2724 potuit
900 2641 1068 2724 quod
1116 2642 1437 2722 vulgatur.
1524 2641 1861 2700 Postremo
1893 2638 2057 2697 bono
2092 2654 2245 2698 esse

99 2772 376 2835 stomacho
416 2782 693 2856 oportet,
737 2772 839 2852 qui
880 2772 1023 2832 sine
1068 2770 1360 2832 molestia
1409 2777 1807 2849 concoquant
1833 2765 1998 2849 quod
2031 2766 2246 2828 v.792

88 2894 238 2963 libros
273 2904 613 2970 dedecorat
674 2900 855 2966 {Iliam
897 2923 1081 2984 quem
1123 2904 1363 2981 heibm‘t,
1411 2909 1584 2963 recte
1633 2901 1751 2961 iam
1799 2919 1837 2962 a
1866 2899 2238 2963 Camerario
2301 2938 2306 2942 -

98 3027 143 3088 in
177 3053 294 3095 eum
332 3059 386 3119 q.
413 3041 475 3100 Ιι.
523 3045 869 3115 mutatum,
912 3037 970 3099 in
1016 3056 1249 3099 meram
1301 3044 1513 3096 autem
1563 3035 1913 3098 barbariem
1944 3054 1980 3096 a
2015 3035 2242 3096 Bothio

93 3176 431 3250 corruptum,
497 3170 686 3230 cuius
731 3177 1154 3230 commentum
1204 3187 1386 3247 quem
1431 3167 1668 3228 laabivit
1706 3167 1804 3228 sui
1845 3168 2051 3228 simile
2096 3167 2243 3228 nihil

90 3288 242 3358 habet
277 3300 381 3362 nisi
428 3300 577 3364 alibi
622 3301 700 3362 ab
748 3299 972 3362 eodem
1019 3300 1526 3363 commendatum
1575 3304 1929 3365 constituvi.
2018 3299 2243 3377 Quan-

90 3440 238 3502 quam
267 3431 391 3495 lieri
423 3442 645 3517 potest
674 3445 745 3496 nt
787 3456 825 3498 e
866 3437 1261 3516 glossemate
1305 3436 1387 3495 sit
1432 3435 1630 3505 illum,
1677 3441 1983 3495 revocata
2027 3441 2242 3493 autem

87 3585 217 3648 quae
251 3576 543 3640 exciderit
588 3575 839 3657 syllaba
880 3574 979 3636 sic
1022 3591 1256 3637 versus
1300 3568 1876 3653 redintegrandus:

221 3705 408 3783 Quem
455 3717 610 3769 ante
655 3705 893 3787 habuit,
939 3704 1243 3787 perdidit:
1288 3700 1479 3765 tilium
1527 3711 1675 3783 post
1717 3699 1869 3767 fecit
1908 3721 2157 3766 nouom.

87 3833 183 3898 vel
223 3842 408 3919 Quem
443 3849 592 3909 olim
637 3846 882 3908 lm'buit.
