2824 4890
549 323 829 390 cxhv1
859 385 863 389 .

789 499 970 566 'l'tius
1030 503 1273 565 amicus
1334 498 1402 563 et
1461 498 1737 581 sodalis,
1792 468 1981 560 simul
2043 495 2283 558 uicinus
2337 490 2663 574 prdxumus,

547 637 968 700 inveteratum
996 634 1214 695 vitium
1236 630 1692 693 Ambrosianus
1714 628 1924 710 prodit
1952 635 2017 689 et
2036 636 2365 708 praestans
2387 642 2488 706 pro
2509 618 2670 683 siml·

547 772 695 833 Nec
737 769 881 850 plus
925 766 1384 848 probabilitatis
1441 763 1678 825 habere
1735 760 1940 824 Stichi
1982 778 2060 842 11,
2105 761 2184 840 2,
2226 756 2311 820 23
2361 753 2670 818 tralaticium

544 895 862 981 simulque
890 899 1315 961 harrindinem
1349 894 1720 957 crediderim
1765 911 1953 975 quam
1996 891 2163 954 hanc
2204 908 2431 953 versus
2465 886 2677 948 formam

547 1040 737 1120 longe
781 1037 1231 1118 elegantiorem
1260 1055 1274 1092 ε

802 1189 1157 1255 Μύιιάἰιίειε
1203 1190 1345 1252 uolo
1392 1185 1556 1251 fieri.
1604 1187 1846 1250 ecferte
1889 1184 2015 1247 huc
2054 1180 2322 1264 scopas:
2376 1180 2548 1244 simul
2591 1176 2678 1237 ha-

1915 1308 2277 1392 rtindinem‚

548 1456 1056 1522 commendatam
1109 1473 1148 1516 a
1196 1471 1300 1515 me
1343 1454 1511 1516 Mus.
1558 1450 1764 1533 philol.
1810 1466 1929 1530 lv,
1970 1469 2030 1530 p.
2059 1447 2219 1510 575.
2319 1447 2469 1509 Non
2525 1441 2684 1521 magis

547 1600 685 1654 tuto
730 1590 949 1653 licebit
989 1585 1293 1651 Pseuduli
1339 1602 1537 1646 versu
1583 1584 1691 1644 uti·
1718 1601 1804 1662 ιι,
1855 1582 1913 1662 1,
1963 1582 2069 1642 14:

795 1718 954 1781 Inde
997 1737 1097 1779 me
1137 1727 1205 1778 et
1246 1716 1431 1778 simul
1479 1715 1822 1796 participes
1864 1714 2067 1776 omnis
2099 1729 2280 1774 meos
2312 1697 2544 1791 praed‘a
2569 1718 2684 1762 oue-

1902 1846 2055 1908 rabo
2097 1854 2297 1925 atque
2343 1839 2620 1923 explebo.

486 2044 491 2048 ,
549 1981 673 2061 Qui
716 1984 776 2044 si
819 1980 1274 2062 anapaesticus
1320 1990 1446 2059 est,
1488 1976 1676 2039 scribi
1720 1975 1807 2037 ita
1854 1976 2114 2056 poterit:

694 2075 701 2082 -
791 2113 947 2176 Inde
991 2132 1091 2175 me
1135 2110 1200 2173 et
1242 2110 1426 2174 simul
1474 2108 1677 2171 omnis
1718 2103 2064 2188 patticipes
2100 2126 2285 2170 meos
2320 2103 2556 2190 praeda
2578 2117 2695 2163 one·

1879 2237 2033 2301 rabo
2079 2247 2276 2319 atque
2326 2236 2620 2320 explebo:

542 2376 661 2456 sin,
707 2374 873 2459 quod
918 2376 1109 2457 malo,
1154 2371 1515 2436 trochaicus
1557 2370 1917 2433 octonarius
1961 2361 2111 2444 (eos
2153 2372 2327 2433 enim
2360 2383 2590 2432 versus
2613 2379 2701 2425 ex-

545 2507 717 2589 cipit,
764 2526 1027 2589 quorum
1073 2505 1459 2570 trochaicam
1520 2521 1879 2566 mensuram
1935 2503 2182 2565 firmavi
2233 2500 2559 2585 Philologi
2601 2505 2637 2557 t·
2666 2509 2696 2570 ¹,

541 2657 600 2719 p.
638 2636 770 2702 304
812 2644 962 2720 sq.),
1008 2639 1106 2700 sic
1147 2636 1676 2720 redintegrandus
1722 2658 1844 2702 una
1888 2657 2033 2701 cum
2082 2640 2385 2721 proximo
2434 2641 2580 2703 erit:

788 2757 964 2834 'lude
1020 2789 1122 2831 me
1175 2779 1241 2832 et
1296 2767 1486 2834 simiil
1543 2774 1888 2854 participes
1947 2769 2128 2838 meos
2169 2778 2432 2857 praeda
2476 2769 2707 2840 onerabo

1878 2903 2075 2988 atque
2119 2911 2428 2990 opplebo.

788 3032 1034 3095 Metum
1079 3033 1145 3095 et
1187 3033 1407 3117 fugam
1465 3027 1893 3117 perdiiellibus
1953 3040 2114 3102 meis
2170 3040 2462 3105 faciam:
2526 3056 2620 3103 me
2666 3038 2710 3092 ut

1871 3163 2138 3248 gnatlim
2183 3174 2444 3249 sciant,

792 3287 940 3370 0υό
985 3308 1125 3354 sum
1171 3308 1414 3373 genere
1455 3289 1695 3375 gnatus
1739 3312 1795 3355 e.
1844 3313 1903 3376 q.
1947 3313 2002 3356 s.

540 3416 713 3486 Sine
760 3422 890 3485 ulla
945 3431 1155 3486 autem
1212 3423 1608 3486 necessitate
1656 3424 1875 3487 Meilta
1928 3430 2170 3503 rogitas
2218 3427 2485 3505 simul,
2552 3424 2721 3489 nes&

532 3553 692 3629 quid
732 3552 1080 3614 -Trinummi
1124 3552 1338 3613 versui
1382 3553 1513 3615 880
1557 3555 1962 3617 Hermannus
2006 3556 2151 3617 olim
2197 3559 2467 3641 tribuit,
2507 3559 2608 3622 ubi
2641 3565 2728 3616 nec

537 3680 755 3742 Mu'lla
796 3681 996 3742 simtu
1032 3679 1230 3758 rpqa's
1270 3700 1389 3743 nec
1433 3681 1714 3745 fortasse
1757 3684 1975 3746 Mu'lta
2015 3686 2213 3748 simu'l
2253 3693 2534 3768 rogita's
2577 3684 2729 3751 habet

535 3829 649 3874 cur
696 3811 1043 3893 displiceat.
1129 3811 1264 3874 Sed
1312 3812 1504 3875 allata
1550 3815 1756 3877 omnia
1806 3832 1946 3878 cum
1992 3817 2079 3879 ita
2109 3835 2184 3879 se
2216 3819 2493 3885 habere
2527 3818 2729 3903 possint

533 3946 628 4004 uti
671 3941 804 4005 dixi
840 3949 1076 4027 (neque
1110 3944 1273 4007 enim
1308 3944 1389 4007 do
1425 3947 1696 4030 singulis
1728 3970 1899 4013 nunc
1928 3951 2240 4016 contendo
2283 3956 2732 4037 pertinaciuslt

416 4116 424 4121 -
533 4087 599 4138 at
639 4096 899 4158 prorsus
946 4089 1122 4144 certa
1164 4079 1288 4143 duo
1332 4082 1627 4162 exempla
1670 4093 1915 4146 restant
1962 4086 2104 4151 Aul.
2151 4103 2246 4167 ιν,
2294 4088 2380 4172 3,
2428 4091 2479 4153 2
2531 4099 2602 4155 et
2637 4082 2739 4151 hili·

536 4226 631 4286 lv,
677 4212 739 4295 4,
793 4210 862 4274 l:
