2824 4890
2036 383 2288 449 cxvn

162 566 308 629 quam
327 549 632 634 principio,
677 550 849 636 quod
892 566 1127 617 meram
1164 554 1518 620 barbariem
1553 578 1706 641 prae
1745 580 1820 625 se
1861 563 2077 646 ferret,
2118 565 2283 628 sub-

155 684 344 743 sistere
390 686 562 747 veriti
612 690 676 749 in
733 688 943 751 media
987 690 1092 750 via
1145 690 1560 768 substiterunt
1607 702 1672 756 et
1713 694 1985 758 mediam
2046 697 2284 762 barba-

152 815 272 878 riem
308 821 639 882 exosculati
680 818 867 902 sunt',
911 795 1036 885 non
1081 834 1457 906 reputantes
1499 826 1580 888 ad
1626 829 1831 909 ipsum
1887 829 2117 913 finem,
2177 832 2284 914 qui

148 965 242 1010 non
294 951 647 1018 coniunctae
707 972 850 1017 cum
910 956 1212 1019 mediocri
1269 958 1558 1022 barbarie
1615 960 1956 1024 mediocris
2016 963 2285 1046 elegan-

146 1081 242 1144 tiae
281 1093 372 1147 est
409 1086 1047 1169 sedzconsummatae
1088 1097 1286 1168 ania,
1355 1101 1734 1173 penetrasse
1781 1113 2040 1176 quorum
2088 1115 2283 1177 opera

145 1232 366 1299 unquam
409 1223 742 1304 quicquam
786 1223 893 1287 vel
937 1225 999 1286 in
1044 1228 1466 1308 grammatica
1510 1229 1841 1311 disciplina
1884 1229 1990 1291 vel
2035 1231 2095 1291 in
2140 1250 2283 1297 me-

142 1349 262 1411 trica
297 1354 636 1432 profectum
679 1360 785 1419 sit.
869 1358 1022 1420 Non
1081 1359 1304 1441 ignoro
1355 1360 1694 1443 equidem,
1752 1372 1911 1450 quot
1965 1371 2283 1444 quantas-

139 1483 377 1567 queghoc
415 1509 627 1574 genus
684 1512 871 1554 omne
925 1502 991 1555 et
1040 1495 1373 1557 cautiones
1428 1505 1493 1556 et
1547 1495 1973 1560 dubitationes
2021 1497 2281 1578 habeat,

136 1620 264 1699 quod
298 1622 530 1687 facilius
574 1625 662 1688 sit
703 1635 1185 1708 praeceptorum
1214 1628 1566 1690 severitate
1588 1646 1814 1710 regere
1846 1648 2056 1713 quam,
2096 1595 2278 1712 quem

135 1753 356 1821 libertati
407 1761 620 1822 locum
672 1760 882 1845 legum
928 1763 1288 1825 necessitas
1333 1764 1766 1843 concesserit,
1829 1762 2161 1845 indagare:
2219 1765 2277 1825 in
2361 1857 2364 1860 A

132 1906 225 1969 quo
257 1911 366 1955 non
408 1897 591 1972 raro:
611 1893 1100 1980 diligentissima
1165 1896 1414 1960 demum
1474 1899 1900 1979 exemplorum
1956 1898 2279 1979 pervesti-

124 2023 338 2100 gatione
376 2009 920 2112 subtilissimaque
980 2048 1357 2096 caussarum
1419 2034 1930 2098 consideratione
1989 2055 2066 2097 eo
2124 2054 2279 2115 per·-

119 2163 363 2226 veniatur
413 2175 521 2243 ut,
596 2162 767 2247 quod
823 2164 908 2227 sit
972 2164 1334 2248 probabile,
1401 2165 1835 2229 ratiocinando
1896 2167 2274 2232 efficiamus.

121 2299 290 2382 Atque
343 2303 401 2366 in
460 2302 597 2366 hoc
666 2302 806 2382 ipso
871 2319 1014 2364 cum
1076 2300 1370 2364 laudabili
1441 2303 1703 2364 consilio
1771 2303 2274 2383 Fleckeisenus,

116 2430 588 2516 Kampmaunus,
643 2435 839 2498 Iulius
882 2434 1138 2497 Brixius
1196 2435 1411 2509 (cuius
1457 2442 1665 2498 tamen
1711 2433 1892 2497 salsis
1936 2436 2277 2518 aliquoties

114 2558 178 2623 de
195 2565 597 2630 Ambrosiano
640 2566 1022 2629 testimoniis
1065 2565 1211 2627 nolo
1255 2583 1529 2648 sponsor
1571 2563 1826 2638 baberi]
1871 2566 2271 2647 elaborarint,

114 2702 216 2758 tum
253 2696 324 2760 de
365 2699 791 2763 Lindemanni
838 2699 1084 2781 opella,
1144 2719 1271 2781 qua
1323 2700 1428 2762 ille
1484 2707 1634 2781 post
1683 2698 2072 2782 pinguiorem
2120 2697 2272 2764 chr.

107 2823 316 2907 Wasii,
371 2832 702 2914 aliquanto
756 2837 970 2893 autem
1027 2830 1593 2894 consideratiorem
1653 2829 1730 2894 C.
1771 2831 1847 2892 L.
1894 2829 2274 2900 Schneideri

107 2954 341 3024 laborem
385 2962 466 3026 de
507 2959 894 3042 explicanda
936 2959 1234 3041 prosodia
1280 2960 1575 3023 Plautina
1618 2932 1783 3024 bene
1826 2982 2073 3027 merere
2124 2972 2274 3026 stu·-

109 3089 247 3175 duit,
306 3096 801 3181 haudquaquam
864 3115 1128 3178 possum
1183 3105 1312 3159 tam
1368 3096 1715 3159 honorifice
1774 3102 2016 3161 sentire
2078 3115 2267 3179 quam

106 3222 213 3288 lieri
257 3247 293 3291 a
345 3230 732 3314 quibusdam
787 3230 993 3297 soleti
1057 3239 1186 3294 tam
1246 3235 1406 3294 miro
1464 3231 1587 3294 illic
1644 3240 2143 3314 temperamento
2205 3233 2268 3295 in

98 3360 334 3440 siugulis
370 3364 632 3448 paginis
676 3372 741 3426 et
794 3364 960 3426 falsa
1007 3365 1179 3427 veris
1219 3368 1423 3427 mixta
1466 3364 1656 3427 video
1701 3365 2003 3446 nulloque
2047 3363 2267 3427 ordine

98 3488 498 3560 diversissima
545 3515 789 3580 genera
832 3505 1077 3558 temere
1119 3498 1414 3579 confusa,
1456 3497 1839 3559 et-maxime
1883 3498 2269 3587 incredibilia

93 3628 377 3693 credendo
420 3632 683 3695 modum
726 3650 976 3693 omnem
1022 3631 1245 3694 excedi
1290 3632 1597 3713 intelligo,
1645 3632 1819 3693 velut
1866 3651 2011 3697 cum
2057 3642 2269 3698 autem

88 3762 438 3827 vocabulum
487 3785 606 3847 pro
648 3765 1007 3848 pyrrhichio
1050 3783 1202 3827 esse
1241 3765 1359 3826 sibi
1403 3767 1727 3845 persuasit
1769 3786 2026 3849 prorsus
2049 3787 2267 3831 eorum

88 3897 396 3979 exemplo,
459 3917 624 3982 quos
682 3920 882 3983 nuper
942 3896 1065 3963 non
1119 3903 1377 3963 multum
1440 3901 1680 3965 abesse
1732 3902 1859 3965 dixi
1923 3902 2069 3983 quin
2115 3920 2266 3963 mox

85 4032 172 4083 eet
204 4037 266 4089 et
300 4033 840 4097 sollicitudinibus
880 4036 1338 4098 vocabulorum
1404 4055 1766 4101 mensuram
1826 4044 2269 4120 exaequantes

84 4154 330 4227 habituri
372 4167 599 4232 simus.
685 4169 837 4249 lpse
886 4176 1100 4231 autem
1164 4176 1404 4230 tantum
1449 4167 1637 4230 abest
1679 4175 1748 4229 ut
1792 4167 2268 4248 praeiudicatae

86 4289 153 4355 de
202 4299 492 4378 perfecta
547 4301 819 4384 quadam
871 4302 1191 4386 elegantia
1237 4302 1530 4366 Plautina
1584 4301 1855 4385 opinioni
1896 4303 2119 4369 videar
2162 4305 2263 4370 ni-
