2824 4890
2079 356 2306 419 Lxx!

166 539 288 601 olim
325 524 449 601 dixi
487 555 610 600 non
650 535 854 601 fuisse
896 536 1087 599 alium
1133 533 1253 597 nisi
1296 533 1490 616 quod,
1537 552 1679 599 cnm
1723 537 1782 599 in
1823 537 2115 600 familiari
2159 553 2310 599 ser-

159 692 318 735 mone
366 673 662 755 plurimae
716 688 921 734 voces
979 672 1086 733 vel
1141 670 1380 733 abesse
1438 671 1542 734 vel
1596 671 1909 735 accedere
1965 674 2070 734 vel
2130 671 2310 734 vario

148 824 278 869 sese
315 806 518 869 ordine
556 805 860 884 excipere
898 803 1066 866 nullo
1094 805 1465 874 sententiae
1506 814 1702 887 atque
1739 805 1902 885 adeo
1946 808 2306 888 elegantiae

146 938 480 1002 detrimento
527 946 816 1020 possent,
860 937 1080 1000 horum
1126 937 1276 1001 nihil
1321 958 1445 1000 non
1489 940 1873 1003 librariorum
1910 959 2164 1023 qnoque
2207 945 2307 1004 le-

146 1078 317 1135 vitate
366 1071 793 1154 imprudenter
851 1070 1290 1135 admitteretur
1348 1073 1755 1153 saepissime.
1864 1073 2049 1152 Quod
2105 1075 2159 1135 si
2221 1074 2308 1137 ita

147 1221 270 1267 esse
308 1203 719 1285 conceditur,
785 1214 856 1266 ut
916 1205 1183 1269 concedi
1241 1205 1572 1268 multitudo
1634 1206 2064 1287 exemplorum
2112 1208 2305 1285 iubet,

145 1357 244 1420 qno
294 1348 357 1401 tu
400 1338 560 1401 miro
619 1302 1040 1421 atque-adeo
1092 1336 1463 1422 prodigioso
1520 1356 1671 1401 casu
1729 1338 1868 1401 illas
1925 1339 2307 1401 mutationes

137 1471 356 1550 putabis
376 1479 623 1533 tantum
650 1469 732 1532 ad
760 1487 1059 1532 numeros
1094 1467 1596 1548 corrumpendos
1626 1488 1937 1550 nunquam
1971 1471 2311 1533 valuisse?

136 1604 204 1667 Et
241 1614 435 1669 tamen
483 1608 647 1688 qui,
706 1604 808 1666 ubi
865 1605 976 1665 vel
1033 1600 1118 1664 ad
1176 1600 1536 1662 sententiae
1587 1599 2019 1684 integritatem
2076 1603 2181 1664 vel
2226 1600 2306 1665 ad

134 1736 573 1814 grammaticam
639 1738 945 1797 rationem
1005 1730 1238 1815 aliquid
1299 1729 1739 1814 desideratur,
1805 1751 1929 1794 non
1993 1732 2310 1811 defugere

133 1861 219 1922 vel
255 1861 802 1942 transpositionem
845 1860 1183 1923 verborum
1228 1859 1336 1922 vel
1379 1860 1800 1924 adiectionem
1844 1861 2077 1942 solent,
2120 1863 2305 1924 simul

128 2000 289 2071 atque
323 2002 591 2056 ventum
626 2001 728 2055 est
752 1993 832 2056 ad
863 2002 1205 2057 metrorum
1237 1995 1752 2077 concinnitatem,
1795 1997 2054 2060 easdem
2082 2017 2304 2059 emcn-

127 2118 284 2183 dnndi
318 2134 485 2187 artes
530 2123 756 2187 nescio
803 2142 932 2205 quo
972 2124 1147 2187 fastu
1190 2125 1678 2206 perhorrescunt
1723 2146 1936 2210 quave
1982 2132 2302 2209 supersti-

127 2250 267 2315 tione
324 2257 414 2317 eis
471 2256 779 2319 adhibitis
839 2258 1153 2338 piaculum
1210 2256 1347 2321 fieri
1414 2260 1758 2323 clamitant.
1866 2261 2112 2324 Verum
2177 2262 2299 2325 hos

131 2384 345 2464 quidem
388 2390 572 2454 mitto
619 2388 678 2449 in
722 2405 1073 2470 praesens,
1128 2388 1209 2451 ad
1262 2390 1563 2455 metricas
1620 2390 2087 2472 disputationes
2138 2391 2301 2456 infra

126 2533 503 2583 reversurus:
550 2519 784 2602 quibus
827 2528 1039 2581 tamen
1083 2538 1199 2600 pro
1242 2519 1653 2583 fundamento
1698 2539 1850 2583 esse
1891 2521 2060 2584 hanc
2099 2523 2301 2603 ipsam

127 2659 643 2720 ratiocinationem
686 2657 873 2737 volo,
918 2675 1043 2739 qua
1087 2676 1191 2719 me
1225 2656 1412 2719 etiam
1457 2666 1779 2721 tacentem
1823 2657 1912 2718 uti
1956 2655 2304 2720 recordan-

128 2784 248 2851 dum
286 2791 416 2852 erit.
460 2820 548 2835 -
598 2787 694 2850 Vt
735 2797 948 2850 autem
991 2787 1568 2870 interpolationem,
1597 2751 1702 2851 ‘ita
1732 2788 1998 2851 lacunas
2044 2809 2300 2872 quoque

127 2924 290 3000 atque
326 2919 858 3003 transpositiones
915 2939 1041 2983 non
1095 2928 1199 2981 est
1240 2920 1464 2983 mirum
1507 2940 1548 2985 a
1590 2921 1862 3004 singulis
1905 2924 2173 2985 vocibus
2216 2923 2304 2986 ad·

126 3051 373 3138 integros
420 3074 667 3122 versus
703 3056 1110 3138 pertinuisse.
1198 3056 1302 3118 Ac
1344 3054 1427 3117 de
1467 3055 1711 3119 lacunis
1753 3055 2004 3137 quidem
2031 3056 2299 3136 gravio-

124 3189 266 3254 ribus
303 3193 582 3277 exposui
642 3191 852 3275 capite
897 3209 980 3255 11:
1042 3189 1577 3272 transpositorum
1620 3200 1830 3254 autem
1878 3197 2132 3270 praeter
2177 3207 2297 3251 co-

123 3324 296 3392 dicum
333 3330 525 3394 fidem
578 3347 880 3391 versuum
922 3327 1215 3407 exempla
1249 3325 1451 3387 habes
1496 3323 1726 3385 wazo.
1771 3323 1914 3386 369.
1954 3323 2102 3398 577,
2142 3323 2298 3404 578,

122 3455 242 3521 590.
279 3463 400 3526 765
441 3481 589 3544 sqq.
632 3460 776 3523 879.
818 3458 946 3521 889
986 3475 1124 3540 sqq.
1176 3456 1360 3520 1020.
1410 3456 1594 3518 1054.
1649 3455 1844 3519 1114:
1889 3452 1971 3516 de
2016 3452 2186 3531 aliis,
2231 3463 2301 3516 ut

124 3587 244 3654 ³³6.
281 3596 418 3658 415.
460 3591 595 3657 660
623 3609 760 3674 sqq.
802 3590 928 3651 719
958 3607 1054 3670 sq.
1102 3588 1284 3669 1172,
1329 3599 1440 3651 ant
1485 3607 1608 3650 non
1655 3587 1977 3669 potuimus
2018 3594 2128 3649 ant
2172 3606 2298 3649 non

125 3727 245 3788 ansi
288 3746 508 3791 snmus
555 3725 869 3804 Acidalio,
920 3725 1345 3802 Hermanno,
1378 3720 1645 3800 Botliio,
1691 3721 1934 3782 Meiere
1972 3721 2295 3782 assentiri.

123 3856 375 3934 Quarum
427 3862 985 3942 transpositionum
1031 3877 1178 3921 cum
1223 3858 1447 3937 paucis
1493 3854 1710 3916 verbis
1749 3853 1908 3916 ratio
1951 3849 2126 3913 reddi
2171 3869 2298 3911 ne-

120 4001 320 4073 queat,
379 3994 548 4055 malo
598 4008 769 4055 nnnc
817 3990 898 4053 de
940 4008 1155 4053 earum
1202 3987 1454 4050 caussis
1497 3985 1649 4047 nihil
1695 4002 1881 4065 qnam
1926 3999 2147 4063 parum
2195 3980 2297 4042 di—

120 4139 283 4189 ceret
320 4145 488 4208 quas
529 4124 778 4209 quidem
822 4143 940 4186 sua
983 4138 1302 4204 quemque
1341 4115 1753 4180 meditatione
1796 4113 1990 4176 facile
2017 4130 2297 4178 assecu-

121 4263 303 4322 turum
346 4259 612 4324 confido.
701 4260 999 4322 hacunas
1038 4263 1251 4319 antem
1294 4251 1462 4335 quod
1507 4269 1631 4314 non
1675 4249 1853 4312 soleo
1900 4247 2298 4332 significare,
