2824 4890
844 499 937 566 17.
987 502 1065 566 18
1115 527 1185 560 =
1228 504 1564 571 835-848
1607 516 1673 569 et
1711 504 2042 575 849—863
2153 547 2160 555 ·

886 810 902 827 .
947 769 991 830 k

806 1162 894 1225 N.
937 1182 978 1224 n
1960 1205 1963 1207 Α
2015 1226 2026 1239 χ

685 1912 878 2312 (S.
920 2008 957 2053 s
1396 2040 1401 2045 .
2423 2044 2426 2047 ,

754 2032 876 2197 KQ
924 2139 949 2185 t
2273 2105 2529 2170 11V1111

795 2258 880 2322 U.
923 2278 966 2320 u
1384 2304 1397 2327 1

784 2529 866 2592 Z.
909 2545 952 2589 z

607 2663 853 2727 Harum
912 2660 1285 2744 paginarum
1347 2661 1694 2745 pleraeque
1752 2683 1834 2727 ea
1888 2666 2266 2729 condicione
2323 2677 2509 2746 sunt,
2569 2679 2643 2735 ut

436 2796 709 2878 impigro
755 2797 988 2858 mentis
1030 2794 1488 2875 oculorumque
1530 2793 1748 2857 labore
1801 2797 1857 2857 si
1899 2815 2028 2860 non
2071 2804 2310 2877 omnia,
2371 2810 2439 2864 at
2480 2803 2634 2884 pln-

432 2928 590 2991 rima
653 2928 781 3009 legi
843 2931 1201 3009 potuerint:
1269 2926 1506 2992 minus*
1535 2924 1871 2990 commode
1931 2928 2124 2991 leetio
2187 2932 2508 3010 prooessit
2565 2935 2636 2996 in

426 3060 681 3142 paginis
727 3057 811 3121 43
853 3068 919 3121 et
958 3056 1126 3122 2652
1184 3058 1361 3140 plura
1403 3075 1594 3138 quam
1639 3058 1848 3121 velles
1888 3070 2287 3124 evanuerunt
2330 3063 2393 3124 in
2433 3064 2633 3146 pagi-

426 3192 528 3256 nis
575 3191 669 3254 19.
715 3190 818 3256 30.
863 3191 965 3253 45.
1008 3192 1110 3254 46.
1152 3157 1318 3255 255‘2
1378 3191 1664 3262 omnium,
1702 3193 1983 3272 pessime
2020 3191 2278 3255 habitae
2318 3202 2468 3257 sunt
2507 3214 2635 3276 pa-

423 3326 621 3408 ginae
661 3326 787 3389 266
832 3332 897 3387 et
943 3324 1041 3386 18.
1125 3326 1198 3386 ln
1242 3322 1817 3386 commemorandis
1838 3324 2248 3387 Ambrosiani
2290 3325 2424 3390 libzi
2451 3327 2626 3389 scri-

419 3457 621 3537 pturis
663 3468 902 3539 quanta
945 3456 1078 3519 fleri
1122 3475 1270 3520 cura
1314 3457 1516 3537 potuit
1565 3457 1720 3519 illud
1774 3457 2026 3538 studui,
2085 3467 2156 3521 ut
2212 3477 2381 3541 qnae
2441 3469 2627 3525 certa

421 3597 688 3668 essent,
748 3607 915 3669 quae
956 3589 1193 3652 ineerta
1212 3633 1235 3671 ,
1301 3588 1645 3673 diligenter
1685 3596 2075 3651 annotarem.
2161 3591 2383 3674 ltaque
2424 3609 2630 3675 saepe

425 3718 537 3781 vel
577 3726 653 3782 ut
688 3723 941 3782 videtur
983 3718 1190 3783 adieci
1232 3722 1378 3803 vei,
1444 3720 1610 3805 quod
1668 3709 1894 3783 eodem
1949 3720 2173 3782 valere
2230 3720 2445 3803 volui,
2499 3721 2631 3786 hae

421 3860 575 3916 nota
628 3871 782 3917 usus
832 3871 973 3916 sum
1035 3849 1228 3934 (A).
1316 3853 1664 3916 Praeterea
1721 3870 1937 3924 earum
2001 3852 2390 3929 litterarum,
2454 3870 2627 3934 quae

417 3988 640 4068 quales
683 3990 905 4048 essent
946 3985 1082 4048 erui
1127 4003 1254 4047 non
1298 3991 1560 4066 posset,
1602 3984 1814 4064 spatia
1853 3985 1963 4048 nbi
2007 3983 2242 4050 licebat
2280 3987 2618 4048 numeravi

418 4119 770 4201 horumque
830 4139 1160 4184 nnmerum
1217 4120 1566 4205 spatiorum
1620 4117 1883 4184 totidem
1939 4119 2191 4202 punctis
2247 4115 2474 4179 mediis
2514 4121 2620 4180 si-

407 4251 624 4333 gnavi,
673 4253 854 4316 velut
898 4272 962 4320 v.
1008 4255 1090 4318 14
1130 4269 1473 4336 Ain-nam,
1519 4268 1678 4318 mna
1700 4281 1931 4307 ······
1956 4270 2016 4314 ι..
2103 4253 2163 4314 Α
2207 4265 2331 4333 qno
2355 4268 2617 4332 genere
