2824 4890
460 358 745 422 hxvm

462 544 669 605 minus
710 540 1056 622 singularia
1111 535 1425 621 quaedam
1482 543 1547 596 et
1606 533 2020 595 vehementer
2081 539 2421 613 suspecta,
2487 543 2626 608 qnae

464 678 586 740 soli
648 684 962 738 testantur
1020 674 1349 752 Palatini,
1418 669 1708 732 artificiis
1774 667 2149 749 quibusdam
2215 659 2631 745 interpretandi

473 807 915 871 excusandive
971 804 1349 886 ambagibus
1392 801 1655 865 tutanda
1698 812 1841 862 sunt
1891 810 1962 864 ut
2009 798 2426 864 reconditiora
2466 803 2632 874 atque

462 941 903 1024 exquisitiora,
952 936 1070 1000 sed
1117 936 1197 999 ad
1242 955 1464 998 sanam
1511 934 1974 1015 simplicitatem
2026 935 2472 1014 probatamque
2495 947 2634 993 con-

464 1074 861 1137 suetudinem
930 1089 1068 1134 cum
1113 1072 1174 1131 A
1221 1071 1603 1132 revocanda.
1693 1071 1787 1132 lta
1833 1070 2000 1150 quod
2045 1090 2083 1130 e
2128 1066 2484 1130 recessibus
2523 1064 2637 1144 pri-

464 1225 618 1272 seae
673 1208 930 1288 linguae
982 1221 1283 1267 manasse
1328 1203 1634 1266 creditum
1681 1213 1829 1283 est,
1884 1204 2225 1264 columis
2283 1182 2662 1263 atliectivum³

467 1359 583 1424 pro
624 1342 958 1402 incolumis
1000 1320 1318 1422 positum,
1376 1338 1480 1399 eui
1536 1335 1936 1399 defendendo
1983 1336 2245 1417 glossas
2289 1332 2507 1395 isidori
2545 1346 2642 1390 ar-

468 1475 903 1547 cessiverunt‚
948 1471 1239 1534 Plautum
1280 1478 1459 1532 certe
1498 1488 1620 1533 non
1665 1470 1934 1549 amplius
1978 1486 2351 1549 sponsorem
2391 1461 2645 1542 habebit,

469 1616 800 1690 postquam
863 1606 1147 1688 vulgaris
1191 1606 1568 1666 incolumem
1632 1604 1832 1665 forma
1893 1621 1955 1663 v.
1997 1602 2123 1664 ’743
2180 1624 2265 1666 ex
2324 1603 2382 1665 A
2426 1597 2644 1683 prodiit.

471 1738 570 1798 lta
632 1737 1005 1797 nemulta
1062 1755 1123 1796 v.
1167 1732 1334 1815 364,
1411 1731 1580 1813 qnod
1653 1734 1908 1815 ancipiti
1965 1734 2373 1796 similitudine
2429 1733 2641 1794 illorum

469 1883 634 1947 quae
671 1872 818 1926 suut
862 1867 1172 1944 nefastus,
1221 1866 1534 1944 nefarius,
1584 1866 1909 1939 nefandus
1952 1863 2411 1943 defenderunt,
2472 1840 2674 1943 expe·⁴

472 1995 825 2059 ditissimae
887 1995 1007 2058 iam
1067 1998 1421 2075 scripturae
1483 2013 1612 2055 non
1672 1996 1873 2056 multa
1931 2001 2154 2058 cessit.
2265 1998 2412 2059 Nec
2475 1996 2659 2056 haut

473 2130 823 2212 particulae
867 2128 993 2191 vim
1040 2128 1406 2209 probibendi
1452 2132 1514 2190 in
1559 2138 1884 2210 posterum
1932 2147 2164 2190 versus
2206 2131 2329 2194 651
2381 2125 2653 2204 firmabit,

474 2261 616 2341 ipso
673 2280 757 2320 ne
812 2277 926 2339 pro
968 2260 1128 2319 haue
1181 2257 1525 2320 substituto
1570 2259 1629 2319 in
1676 2257 1737 2320 A
1783 2259 2202 2322 emaculatus.
2291 2261 2443 2323 Non
2484 2274 2658 2339 repu-
2785 2266 2786 2271 ’

470 2397 629 2475 gnat
673 2389 896 2452 rationi
941 2388 1476 2470 frequentativum
1521 2388 1784 2452 verbum
1832 2390 2260 2468 largituri,
2311 2407 2438 2454 neo
2479 2394 2658 2452 metro

470 2532 787 2608 repugnat
828 2541 1026 2587 versu
1065 2522 1213 2604 742,
1259 2522 1378 2586 sed
1419 2525 1784 2605 exemplum
1835 2531 2091 2604 praeter
2131 2524 2264 2588 hoe
2307 2527 2511 2606 ipsum
2554 2537 2659 2584 non

471 2659 700 2723 habett
759 2658 864 2721 ubi
922 2675 1066 2720 cum
1126 2656 1403 2739 simplex
1448 2657 1682 2734 larqiri
1735 2656 1997 2718 verbum
2042 2657 2109 2720 A
2150 2667 2476 2738 testetur,
2537 2650 2664 2717 illud

475 2811 599 2856 non
643 2794 872 2872 poterit
928 2810 1050 2853 non
1096 2808 1134 2851 e
1177 2791 1404 2853 lexicis
1449 2789 1730 2853 exulare.
1821 2790 1957 2854 Sed
2017 2809 2178 2854 sane
2234 2792 2460 2866 horum
2516 2788 2667 2864 nibil,

478 2924 727 3005 absque
767 2923 1192 2984 Ambrosiano
1239 2932 1462 3003 esset,
1513 2925 1616 2985 vel
1659 2924 1928 2986 inveniri
1973 2926 2352 2992 coniectura
2396 2930 2669 3009 potuerat

483 3057 590 3118 vel
634 3056 957 3118 inventum
1004 3057 1220 3136 reponi
1266 3056 1588 3124 debuerat.

1304 3427 1625 3485 (hu-11⁷1·
1672 3430 1848 3487 vn·

642 3659 1051 3722 muncleatius
1078 3660 1370 3722 vitiorum
1417 3677 1688 3724 caussas
1734 3672 1800 3724 et
1837 3678 2077 3746 genera
2103 3670 2498 3743 persecutus
2525 3672 2678 3736 sum,

479 3807 605 3872 quo
649 3791 983 3852 certiorem
1048 3791 1195 3854 mibi
1242 3792 1410 3856 viam
1478 3794 1560 3857 ad
1605 3813 1785 3857 meas
1825 3794 2200 3858 emendandi
2245 3796 2543 3858 rationes
2585 3798 2675 3849 tu-

474 3929 705 3993 tandas
749 3930 1416 4012 commendandasque
1459 3930 1782 3996 munirem.
1867 3933 2018 3994 Non
2063 3943 2167 3994 est
2210 3934 2392 3996 euim
2436 3933 2494 3994 is
2525 3928 2684 3993 scri·

476 4073 622 4146 ptor
668 4065 965 4148 Plautus,
1011 4083 1138 4146 quo
1183 4081 1326 4128 cum
1372 4085 1472 4149 ea,
1517 4084 1687 4150 quae
1731 4066 1922 4129 tantis
1968 4066 2157 4130 hodie
2199 4067 2510 4132 laudibus
2553 4079 2685 4126 ma-

479 4198 640 4261 ctari
684 4199 879 4281 solet,
926 4197 1226 4282 religione
1270 4197 1351 4262 ad
1393 4199 1670 4281 ipsorum
1712 4198 1998 4264 codicum
2047 4198 2239 4263 iidem
2287 4199 2688 4265 conformato
