2824 4890
430 291 908 374 ccxxxvm

609 475 879 543 Miseria
937 496 1063 541 una
1119 474 1231 542 uni
1291 475 1543 559 quidem
1603 475 1905 538 hominist
1946 475 2204 558 Affatim.
2270 472 2414 537 CH.
2461 478 2652 537 inmo

1637 602 1790 668 huic
1832 615 2287 696 parumst:

440 779 563 844 quo
625 778 819 823 versu
874 760 975 844 qui
1039 759 1258 821 verbis
1319 758 1726 840 transpositis
1787 763 1975 819 immo
2042 759 2194 819 lania:
2255 766 2357 820 est
2410 778 2657 837 parum

429 895 843 976 scripserunt,
887 902 1226 956 suaserunt
1260 892 1430 975 quod
1470 892 1863 956 concinnitas
1900 891 2232 955 dissuadet
2273 895 2433 955 inter
2476 893 2659 954 hunc

429 1035 494 1088 et
537 1027 888 1107 proximum
937 1034 1196 1087 v'ersum
1236 1021 1678 1087 intercedens:
1722 1025 1901 1087 Nam
1935 1027 1999 1084 si
2012 1043 2132 1102 pro
2149 1028 2440 1101 peccatis
2487 1044 2659 1085 cen-

431 1167 565 1221 tum
607 1161 807 1220 ducat
844 1177 1106 1230 uxores,
1148 1163 1538 1236 par-umet.
1624 1156 1891 1219 Servari
1937 1155 2148 1217 hiatus
2193 1157 2383 1216 ctiam
2429 1156 2657 1219 v.790

430 1297 764 1372 potuerat:

597 1436 860 1500 Paterni
905 1436 1160 1520 signum
1205 1433 1418 1498 nosse.
1474 1434 1621 1520 ΜΕ.
1666 1438 1855 1495 eliam
1895 1431 1964 1495 ni
2007 1441 2224 1497 taces:

432 1586 557 1648 nisi
600 1594 728 1647 tam
775 1585 1078 1666 frequens
1121 1585 1183 1645 in
1229 1582 1554 1645 codicibus
1597 1601 1789 1643 nosse
1824 1578 1898 1642 'et
1938 1586 2201 1642 nouisse
2242 1586 2347 1652 (ut
2374 1581 2649 1662 v.957),

427 1727 605 1779 noris
649 1727 713 1779 et
754 1722 1016 1778 noueris
1059 1725 1158 1790 (ut
1186 1737 1246 1777 v.
1269 1717 1428 1786 952)
1472 1716 1822 1778 formarum
1868 1716 2248 1797 permutatio
2294 1723 2475 1775 esset
2521 1734 2651 1775 ea-

428 1867 551 1930 que
606 1849 663 1908 in
733 1855 1065 1927 utramque
1121 1854 1368 1925 partem
1423 1845 1693 1926 valens,
1753 1854 1821 1906 ut
1879 1845 2004 1906 ista
2060 1844 2308 1926 quidem
2356 1847 2467 1907 vix
2520 1845 2656 1909 utta

429 1981 693 2041 mutatio
739 1987 938 2041 esset.

595 2110 864 2174 Omnino
926 2110 1090 2171 enim
1135 2111 1235 2191 qui
1289 2119 1467 2178 recte
1525 2108 1809 2171 iudicare
1868 2109 1948 2171 de
2007 2109 2180 2171 biatu
2236 2108 2448 2188 volet,
2517 2110 2648 2172 hoc

426 2244 731 2324 imprimis
790 2250 1008 2304 teneat
1077 2250 1369 2321 oportet,
1434 2260 1556 2301 non
1613 2241 1884 2321 aliquam
1949 2243 2332 2324 elegantiam
2398 2241 2644 2304 hiatum

427 2374 968 2457 interpretandum
1016 2390 1194 2455 csse,
1239 2391 1366 2456 qua
1411 2371 1718 2436 delectati
1758 2374 1885 2435 siut
1928 2382 2163 2454 poetae
2207 2381 2270 2434 et
2297 2391 2487 2454 quam
2518 2372 2645 2434 de-

424 2510 558 2572 dita
606 2522 800 2591 opera
843 2509 1074 2570 sectati
1120 2508 1270 2586 sint,
1333 2505 1449 2567 sed
1494 2508 1803 2568 licentiam
1851 2525 2035 2587 quam
2081 2506 2451 2568 indulserint
2491 2507 2645 2585 sibi,

426 2640 532 2701 ubi
588 2658 709 2699 non
761 2637 946 2699 nimis
1005 2637 1243 2699 habere
1307 2635 1683 2697 offensionis
1742 2636 2082 2698 videretur.
2129 2686 2132 2697 .
2185 2636 2349 2699 Cum
2410 2652 2630 2700 autern

426 2766 639 2829 hiatus
700 2767 910 2826 omnis
968 2766 1135 2825 nulla
1195 2765 1319 2825 alia
1386 2764 1450 2825 in
1487 2783 1582 2835 ,re
1627 2766 1935 2828 consistat
1976 2765 2093 2826 nisi
2137 2766 2199 2826 in
2242 2767 2644 2847 neglecta

426 2900 871 2979 contiguorum
917 2897 1367 2960 vocabulorum
1414 2916 1494 2959 ea
1536 2899 1681 2959 sive
1725 2881 2081 2959 elisione
2121 2898 2266 2958 sive
2312 2901 2631 2978 synaloe-

425 3031 574 3113 pha,
619 3049 744 3113 qua
787 3029 952 3093 adeo
995 3033 1372 3093 assueuisse
1412 3033 1689 3116 linguam
1731 3034 1990 3096 latinam
2034 3035 2296 3109 scimus,
2342 3054 2525 3095 nemo
2567 3042 2648 3097 ut

424 3170 554 3224 tam
597 3167 883 3223 rusticus
927 3171 1099 3224 esset
1138 3167 1251 3242 qui
1293 3166 1546 3226 vocales
1587 3164 1784 3225 nollet
1822 3169 2232 3242 coreiunyere,
2280 3176 2348 3226 ut
2392 3167 2480 3227 ait
2513 3164 2638 3227 Ci-

426 3312 577 3357 cero
598 3293 772 3357 Orat.
807 3299 863 3366 §-
889 3294 1042 3358 150:
1088 3296 1507 3375 consequitur
1529 3296 1732 3358 minus
1755 3288 2124 3359 offensionis
2142 3296 2379 3360 hiatum
2405 3298 2488 3359 ibi
2513 3298 2644 3360 ha-

424 3426 599 3501 bero,
627 3428 732 3489 ubi
757 3427 1092 3490 illiusmodi
1116 3428 1575 3509 synaloepham
1602 3430 1807 3510 ipsius
1842 3449 1941 3490 vo
1959 3431 2076 3491 cis
2102 3448 2348 3511 pausa
2378 3442 2489 3494 aut
2507 3452 2638 3494 non

423 3555 702 3635 patiatur
741 3556 876 3618 flori
902 3569 1009 3617 aut
1031 3557 1302 3635 patiatur
1330 3575 1455 3618 non
1481 3557 1636 3621 fleri.
1681 3557 2057 3640 Quanquam
2088 3559 2246 3623 hanc
2276 3560 2636 3641 bipertitam

428 3687 971 3768 consecutionem,
1020 3706 1206 3768 quam
1250 3690 1649 3752 ratiocinatio
1695 3690 2118 3773 commendat,
2162 3692 2493 3755 fatendum
2539 3706 2644 3758 est

423 3839 549 3883 non
610 3820 1028 3900 comprobare
1083 3840 1282 3885 usum.
1388 3825 1560 3884 Nam
1620 3832 1688 3884 ut
1756 3842 1880 3885 uno
1922 3823 2121 3885 verbo
2165 3823 2402 3905 dicam,
2445 3826 2636 3887 ctiam

423 3972 592 4035 quae
637 3955 822 4017 nobis
865 3976 1054 4040 quam
1102 3958 1378 4021 maximo
1433 3962 1812 4021 neccssaria
1857 3959 2151 4024 videatur
2195 3960 2640 4043 pronuntiandi

426 4103 655 4166 pausa,
706 4097 914 4152 tamen
962 4092 1416 4152 necessitatem
1466 4090 1717 4173 quidem
1754 4092 2179 4177 negligendae
2210 4094 2490 4157 elisionis
2522 4095 2640 4154 vix

420 4235 697 4298 unquam
744 4220 977 4282 habuit.
1067 4222 1286 4286 Causa
1331 4224 1498 4286 enim
1542 4224 1948 4288 intermissae
1994 4225 2436 4306 pronuntiandi
2473 4242 2637 4288 con-

2707 4190 2718 4197 η
