2824 4890
1953 361 2336 444 ccxnvn

116 531 590 613 haec-quidem
640 533 952 598 eiusmodi
1015 553 1165 597 esse
1220 535 1677 619 concedimus,
1741 545 1836 620 ut3
1901 550 2325 625 posteaquam
2368 517 2371 519 ‚

117 668 191 730 de
234 673 443 750 louge
489 669 771 748 plurimis
815 670 1060 731 licuerit
1112 677 1216 732 sat
1257 677 1434 731 certo
1473 678 1539 732 et
1580 669 1974 734 confidenter
2020 681 2328 759 statuere,

115 801 219 864 ilia
261 804 420 881 ipsa
466 797 716 861 demum
760 799 1067 862 lubricam
1111 799 1646 863 existimationem
1672 800 1948 864 habeant
1986 812 2051 864 et
2073 801 2326 870 dubiam

115 953 342 996 eorum
383 931 631 1012 finium,
659 948 821 1011 quos
862 931 1024 994 ultra
1050 934 1338 1014 citraque
1366 942 1645 1014 nequeat
1680 935 2037 997 consistere
2061 944 2330 1019 rectum,

116 1065 643 1146 descriptionem.
730 1062 1035 1144 Idemque
1076 1065 1223 1128 volo
1267 1062 1350 1126 de
1409 1066 1515 1126 ino
1583 1084 1780 1128 versu
1845 1064 2080 1129 dictum
2146 1082 2324 1145 esse,

114 1216 311 1279 quem
355 1199 488 1258 iam
526 1216 586 1275 p.
633 1214 952 1261 ccxxxvr.
995 1199 1201 1280 tetigi,
1248 1197 1416 1258 Tria.
1458 1197 1619 1262 661:

289 1325 556 1410 Perpeti
597 1325 882 1410 nequeo:
928 1323 1114 1389 simii!
1160 1327 1342 1411 piget
1393 1325 1617 1409 partim
1662 1327 1905 1410 pudere
1948 1339 2031 1392 te.

114 1464 296 1525 Nam
340 1478 488 1523 cum
535 1478 657 1521 uon
704 1461 913 1541 possit
951 1479 1111 1522 sane
1153 1480 1276 1522 non
1322 1460 1775 1523 dubitationem
1817 1480 2083 1523 movere
2121 1468 2318 1540 quat-

116 1605 270 1658 tuor
327 1603 753 1674 oxytonorum
801 1592 1180 1670 cumulatio,
1246 1601 1458 1653 tamen
1516 1590 1773 1653 difficile
1817 1591 1989 1653 dictu
2035 1599 2137 1652 est
2176 1590 2322 1673 quid

119 1753 202 1795 eo
248 1750 472 1812 versu,
517 1730 766 1813 qualem
813 1730 1078 1791 codices
1118 1727 1439 1807 exhibent,
1485 1727 1844 1788 faciendum
1890 1727 2005 1788 sit:

292 1866 550 1947 Perpeti
587 1881 868 1945 nequeo:
915 1863 1108 1925 simul
1155 1882 1258 1924 me
1303 1861 1484 1943 piget
1524 1876 1742 1940 parum
1789 1857 2028 1939 pudere
2072 1866 2175 1919 te:

122 2004 186 2060 iu
233 2016 364 2077 quo
405 1994 727 2058 mordicus
765 1993 1111 2058 ‘tenendum
1145 2002 1267 2073 est,
1311 1993 1482 2076 quod
1527 2012 1586 2073 p.
1618 2009 1937 2056 cxxxvm.
1983 1992 2319 2053 docuimus

120 2150 247 2193 non
290 2147 492 2210 posse
535 2146 651 2208 pro
710 2127 957 2189 duabus
1029 2127 1330 2187 brevibus
1393 2130 1573 2204 piyet
1644 2142 1813 2187 esse.
1903 2122 2079 2184 Nihil
2127 2122 2321 2203 igitur
2395 2158 2406 2168 ·

123 2267 407 2328 relictum
452 2280 602 2324 esse
648 2260 842 2323 video
878 2261 999 2322 nisi
1040 2269 1134 2339 ut,
1180 2259 1281 2340 qui
1312 2259 1644 2338 repetitam
1675 2255 2078 2336 oxytonesim
2105 2254 2325 2315 feren-

128 2396 272 2458 dam
319 2411 475 2456 esse
518 2381 733 2474 neget,
761 2363 1264 2473 monosyllabum
1299 2387 1497 2449 simul
1525 2386 1707 2448 vocis
1749 2384 2321 2466 pronuntiationem

126 2530 255 2590 huc
285 2528 619 2598 asciscat,
684 2542 848 2603 quae
906 2524 964 2584 in
1022 2522 1294 2595 medium
1341 2519 1770 2601 septenarium
1816 2517 2004 2577 etiam
2048 2513 2151 2574 ino
2197 2532 2324 2573 ex-

125 2664 336 2744 emplo
380 2659 595 2722 incidit
639 2658 809 2740 quod
856 2677 915 2737 p.
958 2674 1206 2722 cxnvu.
1251 2652 1599 2715 attulimus.

292 2800 600 2863 Ceterum
646 2815 1014 2878 paucarum,
1060 2810 1221 2873 quas
1253 2809 1377 2850 non
1418 2788 1628 2869 attigi,
1661 2787 2001 2848 formarum
2031 2785 2325 2862 exempla

126 2940 186 3000 iu
229 2938 378 3005 aiiis
422 2934 653 2997 fabulis
698 2932 801 2992 alii
863 2937 1201 3009 quaerant:
1268 2944 1527 3006 quarum
1575 2926 1636 2984 si
1683 2941 1867 2984 unam
1918 2930 1982 2981 et
2028 2919 2181 2981 item
2224 2916 2326 2978 al-

125 3070 324 3121 teram
373 3074 590 3120 carere
635 3053 931 3133 exemplo
973 3049 1357 3132 apparuerit,
1405 3063 1564 3108 casu
1611 3045 1849 3106 factum
1882 3050 2133 3124 putato:
2179 3059 2322 3101 nam

126 3185 354 3250 rationi
399 3185 567 3246 nulia
612 3190 939 3264 repugnat.

290 3317 430 3380 Sed
473 3315 744 3377 nondum
793 3309 1109 3394 permensi
1153 3324 1376 3369 sumus
1422 3305 1923 3386 septenariorum
1948 3301 2098 3362 initii
2128 3317 2328 3379 prope

125 3450 428 3513 infinitam
472 3450 871 3509 varietatem.
938 3440 1218 3502 Restant
1261 3435 1427 3496 enim
1472 3450 1593 3495 eae
1636 3432 1903 3508 formae,
1950 3445 2117 3508 quae
2159 3443 2324 3485 con-

126 3587 372 3648 tinuato
413 3600 527 3664 per
572 3588 898 3658 utramque
941 3582 1188 3655 partem
1247 3589 1373 3632 uno
1407 3564 1752 3637 -vocabuio
1811 3570 2094 3641 oxytono
2156 3561 2326 3626 fiunt.

124 3722 180 3784 F.
223 3737 352 3800 quo
394 3732 642 3798 genere
685 3712 802 3773 has
845 3707 1086 3791 notavi:
