2824 4890
460 340 817 406 LXXVIII

638 546 779 608 'I'ut
842 539 1027 606 'ruine
1079 546 1219 607 ais:
1278 542 1349 606 Si
1407 538 1611 622 negas
1671 559 1875 624 negot
1941 538 2149 601 Decet
2201 535 2455 620 quidem
2521 554 2680 597 uera

1989 671 2297 757 proloqui.

472 837 530 899 A
574 843 775 897 metro
819 831 1148 914 trisyllaba
1186 831 1392 893 forma
1438 826 1751 909 respuitur
1795 827 1983 889 etiam
2028 824 2275 888 Persae
2317 841 2416 904 lv,
2459 822 2529 903 3,
2572 822 2684 901 76,

470 967 580 1031 ubi
623 952 751 1029 'Ea
795 967 1044 1046 quidem
1084 966 1305 1042 edepol
1348 961 1663 1023 liberalis!
1702 957 2137 1024 scribendum:
2198 960 2345 1021 item
2387 959 2572 1025 Men.
2611 976 2687 1036 n,

469 1102 538 1184 2,
582 1100 682 1167 35.
730 1120 830 1180 111,
870 1099 933 1177 3,
974 1099 1075 1162 2¹7.
1119 1099 1288 1163 Rud.
1327 1119 1427 1181 m,
1468 1098 1535 1179 5,
1577 1100 1693 1163 47:

717 1250 959 1314 Insanit
994 1251 1098 1313 bic
1143 1250 1395 1331 quidem
1446 1251 1550 1332 qui
1597 1246 1740 1330 ipse
1784 1243 2104 1310 maledicit
2148 1245 2288 1307 sibi.

717 1384 799 1446 Di
845 1382 950 1446 me
994 1383 1247 1467 quidem
1292 1403 1516 1446 omnes
1561 1380 1866 1444 adiuuant
1907 1377 2151 1460 augent
2193 1385 2432 1440 amant.

720 1518 906 1580 Haec
949 1510 1209 1601 quidem
1246 1517 1582 1580 Palaestra
1626 1513 1787 1598 quad
1832 1511 2158 1595 respondit
2199 1507 2326 1572 non
2372 1516 2607 1570 meast.

480 1667 891 1746 Asperrimos
945 1684 1241 1729 numeros
1288 1668 1497 1731 eiecto
1551 1669 1836 1748 equidem
1882 1665 2291 1725 Hermannus
2341 1659 2700 1741 perpolivit
2813 1660 2814 1733 Ῐ

480 1794 867 1859 Bacchidum
912 1814 976 1857 v.
1016 1795 1180 1859 934:

567 1943 1049 2029 Quadrigeutos
1091 1938 1260 2005 filios
1303 1940 1522 2020 habet,
1569 1948 1763 2022 atque
1791 1937 1993 2002 (imnis
2027 1942 2230 2004 lectos
2255 1934 2394 2001 sine
2422 1938 2704 2020 probro:

482 2073 710 2155 quibus
754 2072 1022 2153 quidem,
1070 2091 1192 2133 nou
1235 2073 1541 2151 equidem,
1589 2068 1669 2130 ab
1716 2070 2052 2148 interprete
2095 2070 2464 2146 ascriptum.
2525 2066 2703 2127 Per-

476 2223 594 2269 sae
637 2223 722 2285 11,
769 2204 849 2285 2,
893 2203 936 2265 5
991 2224 1116 2267 uon
1180 2214 1330 2266 suut.
1371 2205 1656 2284 equidem
1697 2207 1761 2265 si
1796 2207 1924 2264 scie
1964 2209 2098 2263 tute
2148 2199 2465 2284 iungenda
2496 2244 2517 2280 ,
2573 2198 2699 2263 sed

472 2316 760 2418 equidem
804 2334 1158 2416 particulae
1200 2338 1590 2398 constructio
1639 2355 1751 2417 per
1793 2335 2148 2416 proximum
2207 2350 2471 2395 versum
2524 2349 2695 2395 eon·
2823 2407 2824 2410 Ἴ

475 2468 816 2534 tinuauda:
2822 2432 2824 2441 Α

570 2604 925 2704 'Equid'em‚
973 2621 1031 2683 si
1073 2617 1208 2683 scis
1244 2617 1385 2684 uite
1427 2630 1582 2704 quot
1624 2621 1812 2684 hodie
1850 2621 2093 2686 habeas
2123 2622 2352 2705 digitos
2381 2620 2442 2685 in
2467 2641 2694 2705 manu,

558 2736 769 2848 'Egon
814 2751 956 2814 dem
1004 2753 1240 2839 pignus
1284 2749 1551 2815 tecum?

483 2903 585 2965 sic
628 2902 790 2965 enim
836 2901 999 2964 haec
1042 2901 1377 2964 scribenda
1421 2902 1684 2967 ducibus
1731 2905 1930 2984 libris,
1974 2906 2036 2968 in
2084 2924 2346 2987 quorum
2380 2904 2439 2965 A
2467 2921 2695 2968 senso
2822 2937 2824 2970 ψ

478 3067 497 3086 ·
532 3068 552 3087 ·
589 3067 607 3085 ·
644 3053 812 3098 exus
857 3037 1178 3116 apparuit,
1234 3037 1294 3098 iu
1340 3040 1401 3099 B
1446 3044 1548 3099 est
1591 3039 1919 3099 Eoondem
1967 3041 2234 3136 piqnuf,
2311 3037 2372 3098 iu
2421 3036 2481 3099 Ο
2520 3035 2697 3117 quod
2823 3093 2824 3106 ,

474 3167 776 3249 vulgatur
817 3168 1062 3230 Eodem
1096 3173 1383 3248 paeynus:
1427 3190 1552 3233 non
1590 3179 1804 3234 autem
1847 3173 2135 3254 profecto
2180 3172 2321 3253 plus
2368 3159 2696 3234 offensio-

477 3299 576 3363 nis
619 3300 853 3363 habere
896 3300 1057 3362 iuter
1080 3319 1156 3364 se
1185 3302 1500 3384 dirempta
1522 3306 1807 3384 equidem
1847 3337 1878 3344 -
1945 3324 2060 3381 eqo
2089 3302 2463 3364 videbuntur
2492 3322 2693 3385 quam

472 3431 678 3496 Merc.
722 3450 769 3494 11
790 3477 812 3515 ,
858 3432 889 3493 l
916 3475 939 3512 ,
979 3432 1066 3494 40
1125 3434 1306 3496 iuxta
1356 3435 1602 3516 posita:
1666 3437 1908 3499 Amani
1971 3436 2182 3497 hercle
2238 3435 2527 3515 equidem
2575 3457 2697 3515 eye
2822 3475 2824 3508 a

473 3565 622 3626 olim
662 3569 730 3625 in
768 3566 1227 3628 adulescentia.
1274 3568 1628 3631 Inauditum
1658 3578 1758 3631 est
1784 3576 1995 3630 autem
2041 3587 2118 3630 ea
2167 3576 2510 3647 potestate,
2560 3586 2694 3649 qun
2823 3609 2824 3616 κ

474 3713 593 3759 uos
631 3698 770 3758 und
807 3717 982 3759 zwor
1027 3698 1334 3781 dicimus,
1378 3702 1653 3780 positum
1696 3702 1980 3781 equidem
2024 3719 2136 3781 pro
2180 3699 2468 3779 quidem:
2519 3717 2695 3779 quo-
2822 3737 2824 3768 1

471 3821 641 3894 cirea
697 3826 864 3890 haud
909 3838 1280 3891 cunctanter
1321 3828 1569 3910 Epidici
1613 3847 1709 3911 w,
1754 3831 1827 3912 2,
1872 3827 1958 3892 33
2000 3825 2426 3910 reponendum
2472 3812 2694 3892 'Adu-
2822 3879 2824 3884 ⁴

467 3963 805 4024 lescentem
842 3947 1095 4041 quidem
1133 3960 1422 4021 dicebant
1463 3959 1714 4021 emisse.
1801 3960 2080 4023 Restant
2122 3959 2240 4021 tria
2283 3958 2425 4022 sola
2451 3979 2689 4025 exem-

473 4097 578 4177 pla
648 4092 939 4178 (quando
997 4089 1340 4154 'I'riuummi
1397 4109 1464 4152 v.
1506 4088 1632 4153 352
1688 4094 1973 4172 equidem
2027 4112 2150 4155 non
2208 4100 2310 4155 est
2375 4094 2691 4158 Palatinis

470 4248 611 4299 cum
656 4228 720 4292 A
764 4229 1164 4310 commuue),
1208 4226 1562 4308 horumque
1604 4224 1731 4289 duo
1773 4226 1860 4288 ita
1904 4233 2270 4308 comparata
2313 4234 2399 4307 ut,
2448 4244 2686 4310 quem-
