2824 4890
487 358 865 424 CCCXXII

480 543 890 606 severitatem
958 543 1271 626 quandam
1331 565 1572 609 morum
1647 557 1711 611 et
1762 549 2078 612 tristitiam
2153 543 2545 633 compositae
2635 555 2699 616 in

481 676 780 739 funebres
827 677 1011 739 ludos
1042 643 1264 759 'magis
1309 695 1492 758 quam
1539 680 1597 740 in
1636 681 2059 763 Megalenses
2100 685 2463 750 convenire.
2504 687 2691 749 Nam

481 807 653 890 quod
689 817 1019 890 praeterea
1050 809 1201 870 dicit
1243 828 1364 870 non
1409 827 1605 890 posse
1649 831 1773 874 non
1819 811 2055 894 frigere
2100 815 2409 897 Lysitelis
2462 813 2529 879 v·
2570 820 2703 882 695

481 945 849 1009 ludibrium:
901 946 1119 1022 Quid?
1160 953 1223 1007 te
1265 948 1635 1007 dictatorem
1678 965 1905 1008 censes
1938 950 2101 1028 fore,
2126 952 2191 1010 si
2216 951 2330 1011 abs
2371 957 2432 1011 te
2462 972 2700 1030 aym

484 1083 875 1162 acceperim?
930 1082 1053 1143 hoc
1106 1082 1160 1143 si
1208 1081 1401 1144 multo
1465 1090 1614 1161 post
1669 1099 1895 1142 annum
1947 1062 2103 1147 iffi-1.
2173 1059 2409 1148 (lictum
2487 1095 2696 1163 esset,

469 1219 711 1306 *quippe
774 1234 902 1297 quo
971 1233 1134 1275 anno
1191 1211 1562 1276 dictatorem
1611 1212 1898 1275 Plautina
1963 1221 2148 1277 aetas
2208 1224 2534 1295 postremo
2582 1217 2691 1279 vi-

480 1348 716 1410 disset:
761 1347 848 1408 ita
892 1343 1188 1427 quoniam
1232 1343 1312 1441 ad
1360 1361 1618 1406 sensum
1665 1362 1771 1406 res
1819 1346 2025 1408 omnis
2069 1343 2329 1408 redacta
2376 1357 2503 1429 est,
2572 1367 2693 1413 non

477 1480 690 1544 habeo
737 1476 904 1559 quod
948 1475 1393 1559 respondeam,
1436 1476 1557 1537 nisi
1604 1475 1750 1538 mibi
1793 1494 1916 1538 non
1961 1476 2247 1560 frigere·
2295 1478 2479 1542 Satis
2522 1485 2689 1545 enim

481 1624 781 1685 caussae,
829 1622 944 1667 cur
986 1604 1216 1667 summi
1264 1605 1369 1684 q'ui
1415 1602 1664 1665 Romae
1708 1610 1884 1664 esset
1925 1601 2178 1664 honoris
2219 1605 2694 1684 appententiam

485 1725 853 1806 Lesbonico
898 1740 1231 1823 Lysiteles
1272 1759 1386 1821 per
1427 1738 1828 1802 acrimoniam
1877 1737 2199 1816 tribueret,
2244 1739 2460 1799 sentio
2505 1737 2570 1798 in
2596 1737 2689 1799 eis

479 1873 693 1936 fuisse
738 1873 971 1954 quibus
1016 1872 1118 1936 ille
1162 1871 1405 1934 consilii
1469 1871 1958 1934 obstinationem
2000 1885 2310 1932 summam
2352 1867 2687 1933 fastidiosa

483 2005 742 2067 honoris
785 2009 888 2067 sui
932 2005 1274 2066 iactatione
1314 2010 1633 2066 tueretnrz
1686 2002 1770 2063 Te
1809 2001 2114 2077 honestet,
2152 2021 2255 2063 me
2282 2008 2680 2063 autemcon-

415 2192 423 2195 Α
482 2142 723 2200 latitet:
759 2138 911 2199 Tibi
948 2142 1038 2197 eit
1070 2136 1556 2220 emolumentum
1601 2135 1862 2196 honoris
1904 2152 1961 2195 e.
2006 2150 2067 2214 q.
2110 2148 2165 2194 s.

646 2270 995 2333 Praeterea
1037 2270 1344 2349 scriptum
1389 2269 1592 2332 fuisse
1645 2269 1706 2331 in
1768 2266 2116 2331 didascalia
2185 2285 2458 2332 saAscA
2515 2285 2689 2332 'rm-

478 2406 746 2470 sA‘vnvs
789 2423 1187 2471 Pnrnnmoms
1232 2427 1271 2470 e
1310 2408 1577 2493 prologo
1622 2408 1871 2473 fabulae
1915 2409 2200 2476 discitur.
2262 2410 2478 2475 Vnius
2521 2411 2684 2473 enim

473 2543 688 2626 graeci
721 2543 995 2625 exempli
1022 2563 1250 2607 nomen
1277 2543 1540 2606 inscribi
1562 2544 1814 2606 solitum
1845 2550 1969 2624 est,
1994 2543 2240 2605 etiamsi
2277 2541 2403 2604 duo
2428 2542 2687 2605 fuerunt

478 2695 646 2759 quae
686 2679 918 2740 latinus
962 2683 1149 2756 poeta
1180 2675 1241 2737 in
1287 2671 1618 2737 condenda
1662 2672 1876 2736 fabula
1912 2681 2174 2736 secutus
2201 2683 2398 2737 esset.
2440 2675 2499 2736 E
2523 2673 2687 2736 duo-

475 2806 594 2869 bus
654 2816 866 2869 autem
930 2808 1122 2869 etiam
1181 2807 1618 2868 Trinummum
1667 2824 1709 2868 a
1755 2806 1987 2871 Plauto
2048 2808 2513 2872 contamina
2534 2818 2687 2872 tam

475 2955 625 3001 esse
665 2939 727 3000 in
774 2941 1039 3022 egregia
1076 2942 1609 3009 commentatione
1650 2945 1789 3020 illa,
1846 2963 2029 3026 quam
2099 2942 2181 3006 do
2220 2944 2503 3008 Vulcatii
2547 2947 2680 3009 Se-

477 3068 658 3151 digiti
713 3088 957 3134 canone
1016 3073 1309 3156 scripsit,
1370 3073 1791 3158 Ladexvigius
1850 3077 2146 3155 coniecit,
2193 3085 2435 3158 partem
2481 3095 2681 3160 argn-

473 3204 667 3266 menti
711 3223 748 3266 c
795 3204 1130 3269 Menandri
1173 3198 1715 3295 Παρακαταθήκῃ
1759 3221 2059 3293 repetens
2103 3234 2162 3295 p.
2205 3214 2290 3276 34
2331 3233 2428 3297 sq.
2478 3213 2681 3278 Cuius

472 3335 928 3403 subtilissimae
971 3334 1378 3422 disputationi
1420 3363 1543 3406 non
1585 3345 1790 3407 habeo
1835 3348 2000 3429 quod
2040 3347 2307 3413 addam:
2348 3370 2495 3414 nam
2536 3370 2673 3415 curn

473 3472 555 3535 de
625 3493 860 3538 caussa
921 3476 1223 3539 universa
1275 3485 1409 3540 tum
1471 3482 1552 3544 de
1605 3481 1882 3563 singulis
1927 3480 2327 3546 documentis
2371 3485 2669 3547 lubricum

472 3627 623 3672 esse
667 3611 961 3675 iudicium
1005 3614 1144 3695 ipse
1191 3634 1314 3678 non
1360 3612 1803 3679 dissimulavit.

585 3743 814 3807 Restat
843 3754 907 3807 ut
936 3751 1103 3810 curis
1144 3750 1447 3812 secundis
1479 3768 1624 3814 cum
1669 3752 1734 3814 in
1776 3760 2005 3833 poetae
2049 3751 2270 3815 verbis
2315 3760 2450 3815 tum
2498 3752 2557 3814 in
2580 3749 2673 3812 bis

470 3877 955 3961 prolegomenis
976 3879 1282 3962 quaedam
1305 3882 1412 3944 vel
1447 3886 1765 3968 corrigam
1782 3884 1893 3946 vel
1925 3884 2313 3949 confirmem.
2353 3886 2524 3948 Etin
2548 3886 2670 3966 ips·

469 4004 679 4083 fabula
712 4013 970 4093 primum
1005 4010 1314 4078 debebam
1332 4015 1493 4079 Italo
1536 4021 1874 4081 correctori
1910 4020 2193 4102 obsequi,
2220 4019 2677 4082 Mer-cattum

469 4161 555 4201 an
597 4145 847 4205 uenalis
892 4146 1114 4207 habuit
1165 4166 1227 4207 v.
1269 4144 1396 4209 332
1425 4148 1723 4211 scribenti
1771 4169 1880 4232 pro
1916 4158 2430 4214 mercaturam
2446 4172 2471 4210 .·
2514 4152 2669 4236 quod

469 4290 612 4336 cum
642 4277 786 4338 olim
814 4287 1140 4357 putassem
1162 4280 1493 4344 Ciceronis
1523 4282 1813 4362 exemplo
1854 4281 2145 4377 quodam*
2165 4282 2423 4345 defendi
2461 4301 2673 4366 posse,
