2824 4890
455 333 624 400 xv!

448 519 510 581 in
568 517 820 580 tertii
882 515 1271 579 fasciculi
1342 531 1456 577 eas
1516 516 1957 598 membranae,
2022 536 2187 599 quas
2230 520 2376 582 lte
2413 527 2481 583 et
2527 520 2691 601 Et·

461 655 686 718 litteris
726 652 1171 737 signavimus,
1217 670 1342 715 non
1385 649 1653 732 quadrat
1691 651 1851 715 iilius
1891 655 2089 735 partis
2131 656 2452 741 ambitus,
2498 676 2678 741 quae

455 790 618 852 inter
677 787 936 851 fabulae
995 804 1231 850 versus
1271 787 1392 850 671
1448 795 1513 848 et
1550 784 1678 851 736
1733 805 1900 850 nuuc
1944 798 2051 853 cst
2100 789 2331 854 media.
2413 791 2675 874 Requi-

459 931 679 985 runtur
718 921 884 985 enim
928 928 1225 1004 quattuor
1268 920 1645 1002 paginarum
1697 939 1929 984 versus
1977 940 2100 986 sex
2125 937 2192 988 et
2217 928 2664 1008 septuaginta:

456 1057 775 1121 habentur
815 1055 1005 1119 hodie
1046 1063 1297 1136 septem
1339 1050 1599 1131 senarii,
1644 1049 1905 1114 duorum
1952 1070 2255 1117 versuum
2303 1057 2514 1137 spatia
2556 1056 2671 1118 in·-

448 1199 547 1252 ter
611 1197 799 1253 actus
873 1187 1045 1251 tertii
1105 1203 1375 1249 scenam
1419 1202 1485 1245 11.
1529 1195 1595 1248 et
1638 1201 1709 1247 111
1740 1228 1760 1264 ‚
1819 1194 1886 1247 et
1946 1185 2251 1250 trochaici
2315 1190 2669 1269 septenarii

460 1320 918 1403 quinquaginta
970 1326 1258 1398 septem:
1318 1333 1463 1378 nam
1519 1332 1642 1375 non
1700 1312 1899 1376 fuisse
1943 1314 2003 1375 iu
2051 1315 2472 1381 Ambrosiano
2518 1320 2676 1384 iilos

468 1454 785 1531 scriptos,
828 1448 938 1531 qui
979 1446 1147 1530 apud
1191 1445 1396 1508 solum
1440 1444 1879 1505 Heu-mannum
1918 1445 2080 1506 inter
2121 1445 2247 1507 704
2289 1458 2356 1510 et
2396 1448 2525 1511 705
2565 1451 2675 1514 ie-

463 1588 702 1665 guntur
733 1624 754 1661 ‚
822 1578 986 1643 satis
1047 1573 1399 1639 existimari
1463 1591 1548 1635 ex
1620 1576 1717 1635 eis
1785 1574 2016 1654 poterit
2083 1592 2251 1656 quae
2308 1579 2572 1663 Parerg.
2619 1600 2675 1661 ι,

467 1730 527 1791 p.
587 1708 714 1775 529
768 1723 907 1788 sqq.
979 1702 1468 1787 disputavimus,
1594 1701 2011 1766 Servatorum
2080 1705 2275 1788 igitur
2347 1726 2664 1775 versuum

593 2028 788 2068 nomen
824 2013 1375 2078 MEGAROMDES‚
1428 2027 1727 2078 quanquam
1763 2018 1864 2067 hoc
1898 2018 2240 2080 per-dubium:
2289 2020 2545 2085 paginam
2591 2022 2668 2072 w

594 2126 719 2184 post
752 2132 982 2171 vacuum
1032 2119 1263 2181 spatium
1309 2117 1469 2169 unius
1516 2130 1712 2168 versus
1758 2130 1926 2168 scena
1977 2119 2150 2180 prima
2202 2125 2434 2189 occupat
2480 2128 2537 2172 et
2570 2135 2671 2172 se-

592 2224 803 2273 cundae
844 2233 1038 2273 scenae
1082 2219 1402 2284 inscriptio,
1455 2229 1611 2281 quam
1658 2229 1874 2267 rursum
1914 2230 2124 2268 vacuus
2161 2232 2358 2270 versus
2394 2233 2536 2272 unus
2571 2236 2667 2273 se-

593 2325 788 2388 quitur.
821 2353 888 2363 —
924 2324 1159 2389 paginae
1193 2325 1267 2374 87
1303 2324 1447 2374 iusta
1480 2323 1624 2373 ratio
1662 2324 1877 2375 abiecto
1913 2338 2092 2388 panno
2129 2330 2365 2390 constat,
2400 2325 2487 2387 qui
2522 2326 2672 2377 inte-

601 2443 759 2496 grum
795 2443 1014 2482 versum
1050 2435 1331 2496 pepererat
1366 2431 1489 2493 post
1522 2427 1612 2481 ⁰72.
1635 2453 1702 2465 —
1736 2428 1795 2477 In
1832 2428 2060 2492 paginas
2095 2427 2160 2479 A.
2190 2444 2244 2480 a.
2266 2430 2337 2480 B.
2363 2428 2394 2480 b
2430 2427 2673 2493 apprIme

561 2606 577 2615 ⁸
603 2536 935 2589 conveniunt
978 2532 1071 2597 qui
1119 2533 1258 2583 inter
1309 2545 1365 2582 v.
1401 2533 1475 2580 95
1522 2537 1580 2582 et
1621 2530 1729 2580 172
1776 2531 2037 2596 leguntur
2084 2546 2182 2583 sex
2227 2539 2285 2585 et
2325 2533 2677 2600 septuaginta

596 2623 823 2691 senarii.
849 2664 917 2678 —-
954 2637 1089 2689 Cum
1128 2634 1291 2686 aliam
1329 2638 1489 2697 atque
1527 2633 1787 2699 vulgatur
1813 2646 2067 2686 versuum
2090 2634 2527 2700 descriptionem,
2560 2640 2677 2685 tum

604 2739 806 2790 multas
844 2735 1250 2788 octonariorum
1291 2732 1587 2783 divisiones
1632 2731 1862 2796 paginae
1895 2731 1987 2781 29.
2024 2731 2115 2781 30.
2149 2731 2237 2785 45.
2272 2732 2365 2782 46.
2397 2732 2524 2782 268.
2558 2730 2676 2783 254

610 2843 829 2906 babent,
866 2838 1054 2902 quibus
1076 2836 1293 2887 cantica
1317 2834 1665 2885 continentur
1698 2832 1852 2884 initio
1885 2839 2041 2884 actus
2075 2846 2133 2884 ιι.
2167 2834 2361 2898 posita.
2429 2832 2674 2899 Quorum

607 2953 722 2998 tres
755 2941 1066 2994 versiculos
1100 2944 1372 2990 extremos
1418 2933 1510 2999 qni
1543 2932 1818 2997 excipiunt
1849 2933 1904 2984 in
1940 2934 2196 3000 paga-54
2226 2946 2321 2985 xv.
2356 2933 2677 2996 teti-amem,

613 3060 800 3100 eorum
838 3058 975 3097 unus
1012 3048 1219 3095 tantum
1255 3055 1352 3104 per
1386 3043 1524 3094 duos
1562 3055 1752 3096 versus
1786 3044 2152 3096 continuatur.
2221 3044 2352 3092 Item
2397 3040 2676 3104 bipertitos

612 3155 817 3220 pagina
849 3154 922 3204 39
959 3152 1120 3202 babet
1155 3153 1294 3215 duo,
1329 3164 1382 3215 p.
1416 3149 1493 3199 40
1527 3148 1769 3213 nullum,
1804 3161 1854 3211 p.
1889 3149 1925 3198 7
1961 3154 2108 3213 tres,
2142 3163 2195 3211 p.
2227 3151 2267 3198 8
2300 3153 2446 3216 duo,
2479 3164 2533 3213 p.
2565 3149 2680 3201 26³

606 3257 753 3308 inter
785 3257 998 3317 septem
1034 3251 1156 3302 item
1193 3249 1315 3302 duo.
1353 3277 1417 3288 -
1468 3251 1525 3298 P.
1560 3246 1710 3311 266⁴,
1744 3247 1871 3299 item
1908 3260 1958 3309 p.
1992 3247 2062 3298 15
2096 3253 2155 3297 et
2185 3261 2239 3311 p.
2275 3247 2346 3298 16
2382 3246 2676 3298 undevice-

606 3355 821 3408 narium
857 3366 1134 3408 numerum
1168 3351 1443 3416 complent
1476 3349 1678 3414 inediti,
1713 3361 1849 3413 quos
1880 3359 2050 3410 supra
2085 3347 2417 3398 indicavi.—
2452 3345 2673 3410 Paginis

611 3459 677 3514 0.
715 3472 765 3511 c.
802 3458 876 3510 B.
911 3459 952 3508 d
985 3470 1104 3509 cum
1140 3456 1527 3510 contineantur
1558 3467 1749 3507 xxxm.
1781 3451 2017 3515 senarii,
2053 3455 2310 3515 quattuor
2343 3449 2539 3515 vacui,
2582 3460 2676 3500 se—

605 3564 836 3630 ptenarii
856 3568 1041 3616 autem
1058 3576 1231 3615 xxxv:
1265 3574 1493 3616 necesse
1527 3566 1610 3611 est
1644 3561 1835 3610 borum
1869 3554 2298 3619 septenariorum
2331 3559 2442 3605 tres
2463 3556 2672 3605 tantum

612 3668 815 3721 divisos
851 3668 1041 3720 fuisse.
1076 3694 1141 3706 —
1177 3670 1305 3733 Pag.
1342 3667 1374 3718 1
1414 3666 1618 3718 divisus
1653 3667 1734 3714 est
1770 3674 1931 3725 unuS,
1966 3661 2072 3711 duo
2107 3661 2159 3710 in
2196 3673 2246 3723 p.
2280 3659 2335 3710 Β.
2373 3684 2439 3698 --
2473 3655 2680 3722 Pagina

619 3771 670 3824 G
707 3772 1018 3836 pertinebat
1053 3770 1119 3822 ad
1158 3784 1218 3823 v.
1255 3771 1367 3822 ‘792
1421 3766 1709 3833 (siquidem
1739 3768 1808 3818 ab
1844 3765 2208 3816 Ambrosiano
2253 3762 2457 3814 afuisse
2498 3762 2676 3817 insiti·

613 3872 751 3925 cium
787 3873 939 3924 illum
972 3873 1246 3939 credibile,
1280 3872 1368 3938 qui
1392 3873 1567 3935 vulgo
1601 3869 1831 3921 babetur
1861 3867 2003 3919 inter
2020 3868 2134 3918 788
2155 3865 2384 3928 awo),
2421 3863 2672 3932 paginae

607 3976 677 4025 ad
711 3972 843 4024 811.
911 3973 972 4023 ln
1007 3973 1219 4040 paginis
1254 3973 1324 4024 Η.
1360 3973 1397 4024 1ο
1430 3971 1653 4050 cantici,
1699 3982 1735 4021 a
1768 3983 1874 4035 quo
1921 3975 2082 4020 actus
2115 3980 2192 4018 ιν.
2230 3964 2472 4029 orditur,
2517 3963 2669 4027 primi

615 4077 887 4129 octonarii
931 4092 1048 4129 xvi.
1100 4077 1350 4140 descripti
1399 4078 1627 4129 fuerunt
1669 4090 1868 4128 xxvm.
1916 4075 2196 4137 versibus,
2240 4071 2674 4136 quemadmodum

606 4180 699 4246 qui
752 4181 809 4232 in
859 4196 914 4245 p.
954 4183 1026 4234 17
1076 4186 1484 4246 consequuntur
1526 4196 1625 4233 sex
1671 4181 1942 4233 octonarii
1991 4174 2256 4239 extremi,
2299 4187 2375 4227 ιι.
2426 4186 2674 4226 versuum

603 4286 782 4352 spatia
815 4286 1061 4350 implent.
1104 4313 1169 4327 -
1204 4286 1374 4337 Vides
1407 4284 1535 4338 nibil
1574 4297 1799 4349 usquam
1834 4282 1923 4332 vel
1975 4281 2159 4331 deesse
2193 4277 2283 4328 vel
2317 4289 2617 4341 superesse.
