2824 4890
487 358 904 426 ccxcvln

487 543 756 606 iambica
799 550 1010 602 tamen
1069 535 1449 616 manebunt,
1513 533 1635 594 nisi
1691 534 1882 610 longe
1936 527 2414 591 violentissimis
2471 537 2680 591 muta-

482 673 760 737 tionibus
815 678 1031 733 utaret
1092 666 1384 750 proxima
1428 675 1675 744 autem,
1740 671 1806 724 ut
1870 664 2108 744 scripta
2174 670 2326 724 suut
2389 663 2452 724 in
2510 662 2679 724 libris

476 811 663 882 inops
704 810 968 877 amator,
1014 800 1155 861 sine
1197 799 1468 861 alicuius
1510 800 1801 880 syllabae
1828 799 2202 890 accessione
2232 795 2314 859 ad
2348 797 2679 858 clausulae

477 945 763 998 naturam
808 933 1066 995 minime
1110 939 1260 1011 apta
1302 940 1468 994 sunt.

646 1078 1151 1143 concinnitatem
1201 1084 1415 1137 autem
1462 1074 1627 1134 illam
1672 1072 1822 1134 dum
1882 1079 2139 1151 sector,
2208 1088 2399 1153 quam
2455 1068 2678 1130 metri-

484 1233 698 1278 carum
740 1229 884 1273 cum
916 1204 1350 1290 grammaticis
1390 1205 1753 1288 logicisque
1787 1202 2062 1283 periodis
2097 1200 2514 1282 congruentia
2559 1218 2681 1280 pa-

481 1344 584 1424 rit,
627 1341 860 1404 factum
904 1347 1007 1399 est
1067 1345 1137 1399 ut
1195 1355 1320 1397 non
1366 1353 1491 1396 uno
1535 1339 1600 1397 in
1643 1336 1784 1397 loco
1828 1335 2104 1398 continui
2147 1341 2459 1426 ver-'suum
2502 1332 2679 1394 ordi-

478 1494 594 1538 nes
651 1473 875 1535 eodem
936 1481 1139 1533 metro
1196 1467 1666 1529 decurrentium
1726 1476 2025 1546 tanquam
2083 1483 2202 1528 sua
2244 1474 2474 1546 sponte
2514 1467 2675 1527 sub-

478 1617 925 1670 nascerenturz
981 1600 1154 1684 'quod
1209 1616 1417 1681 genus
1472 1598 1940 1679 aequabilitatis
1993 1609 2257 1679 apparet
2306 1607 2373 1660 et
2430 1599 2675 1678 gratiae

477 1750 544 1804 et
583 1740 731 1804 fidei
755 1707 1101 1821 ‘plurimum
1145 1736 1400 1799 habere.
1486 1731 1813 1796 Eiusmodi
1857 1733 1939 1795 illi
1984 1731 2239 1794 suntab
2272 1730 2397 1793 244
2418 1732 2499 1794 ad
2522 1730 2672 1809 251,

479 1891 640 1954 quos
693 1872 755 1933 in
809 1871 1159 1933 Elementis
1222 1888 1282 1949 p.
1323 1867 1450 1931 212
1505 1868 1675 1929 curis
1734 1866 2038 1929 secundis
2083 1867 2223 1947 ipse
2267 1867 2670 1928 Hermannus

482 2003 567 2066 ad
638 2002 1184 2086 elegantissimam
1252 1999 1630 2080 parilitatem
1695 1997 2242 2060 accommodavit:
2315 1997 2670 2078 eodemque

479 2135 661 2196 metri
705 2151 968 2215 genere,
1017 2129 1182 2213 quod
1229 2130 1483 2193 cretIcis
1527 2129 1912 2192 tetrametris
1956 2130 2340 2192 catalecticis
2384 2129 2671 2191 coutine-

474 2279 599 2347 tur,
643 2286 771 2349 ego
814 2268 876 2329 in
926 2267 1052 2329 linc
1092 2267 1316 2348 prioris
1359 2284 1598 2327 scenae
1639 2263 1861 2327 decem
1909 2282 2139 2326 versus
2186 2263 2520 2326 continuos
2551 2261 2669 2324 de-

472 2403 701 2486 scripsi
748 2422 788 2466 a
823 2401 950 2466 266
992 2399 1071 2465 ad
1117 2399 1269 2475 275,
1314 2407 1461 2461 octo
1505 2403 1568 2461 in
1616 2399 1743 2461 fine
1782 2399 2155 2479 posterioris
2196 2416 2238 2460 a
2263 2396 2498 2460 mad
2518 2394 2667 2459 3⁰0.

476 2537 668 2617 Quod
712 2538 768 2599 si
804 2538 939 2600 fieri
976 2554 1103 2599 non
1143 2535 1348 2616 potuit
1389 2533 1535 2615 quin
1580 2532 1814 2613 aliquot
1852 2531 2016 2594 locis
2053 2531 2354 2599 voculam
2391 2532 2667 2612 aliquam

472 2669 770 2733 adderem
815 2680 885 2733 ut
941 2669 1329 2733 librariorum
1388 2669 1630 2730 incuria
1688 2668 2021 2730 omissam:
2087 2666 2507 2748 reputandum
2566 2680 2669 2732 est

470 2803 584 2863 vix
633 2802 830 2864 ullum
888 2804 997 2863 vel
1052 2803 1261 2879 potius
1320 2801 1553 2863 nullum
1601 2801 1922 2863 canticum
1970 2820 2121 2865 esse
2166 2803 2335 2885 quod
2380 2824 2506 2868 non
2548 2806 2668 2868 hoc

471 2933 612 3011 ipso
657 2933 793 2995 vitii
835 2950 1071 3014 genere
1113 2933 1259 2995 sive
1302 2934 1590 3014 graviter
1635 2935 1781 2995 sive
1827 2936 2034 2998 minus
2077 2893 2359 3016 graviter
2401 2937 2661 3000 laboret.

471 3065 542 3124 ln
588 3064 954 3125 Trinummo
998 3072 1216 3124 autem
1258 3063 1540 3144 augebat
1604 3062 1883 3126 addendi
1946 3066 2436 3151 confidentiam,
2496 3070 2663 3151 quod

467 3210 766 3256 caussam
809 3193 1175 3255 lacunarum
1232 3193 1473 3255 illarum
1533 3194 1683 3258 licet
1725 3215 1765 3257 e
1807 3200 2121 3261 communi
2174 3201 2351 3263 fonte
2402 3206 2493 3265 ita
2553 3224 2664 3266 re-

464 3336 687 3410 petere
734 3334 801 3390 ut
842 3338 1139 3408 tanquam
1185 3328 1247 3389 in
1294 3327 1513 3390 oculos
1558 3328 1851 3393 incurrat.
1936 3331 2087 3393 Nec
2130 3333 2297 3394 enim
2345 3353 2509 3399 casu
2556 3337 2662 3413 fa-

463 3467 633 3521 ctum
676 3477 826 3522 esse
865 3468 1102 3540 potest,
1149 3459 1342 3542 quod,
1387 3462 1443 3521 si
1491 3481 1721 3524 versus
1750 3463 2033 3547 2938qq.
2080 3467 2174 3530 sic
2210 3471 2662 3552 pei-scripseris

465 3595 537 3649 ut
572 3589 732 3650 alter
771 3589 1041 3670 quisque
1073 3609 1306 3652 versus
1345 3611 1470 3653 non
1517 3593 1888 3657 subiiciatur
1925 3597 2111 3676 priori
2154 3597 2273 3659 sed
2315 3601 2499 3663 iuxta
2539 3623 2661 3683 po-

469 3725 691 3796 natur,
767 3720 830 3778 in
887 3716 1149 3780 easdem
1208 3723 1314 3785 vel
1380 3721 1573 3786 valde
1647 3727 2037 3806 propinquas
2092 3727 2374 3809 paginae
2445 3741 2661 3810 partes

460 3853 729 3915 lacunae
789 3869 1014 3914 omnes
1079 3852 1396 3918 incidunt:
1465 3856 1635 3919 unde
1700 3859 2070 3942 intelligitur
2134 3864 2453 3925 communi
2518 3864 2661 3926 labe

457 3988 670 4071 aliqua
718 3995 787 4049 ut
828 3987 1089 4051 madore
1131 3989 1237 4051 vel
1282 3990 1457 4052 carie
1500 3991 1661 4054 istas
1716 4002 1935 4072 partes
1997 3992 2273 4055 affectas
2330 4012 2504 4056 esse.
2589 3993 2659 4055 ld

457 4119 580 4184 hoc
622 4124 789 4204 quod
832 4126 994 4191 infra
1035 4129 1225 4210 posui
1270 4128 1567 4209 exemplo
1613 4145 1882 4209 prorsus
1923 4130 2337 4209 perspicuum
2383 4126 2490 4189 fit:
