2824 4890
457 355 642 425 CCC

461 543 567 606 Ne
612 538 759 623 quid
785 515 1015 597 *autem
1061 524 1465 592 dubitationis
1511 518 1659 583 illud
1700 523 1964 579 moveat
2008 512 2176 594 qnod
2222 514 2312 573 ita
2357 507 2663 572 contrarii

461 667 972 736 collocandorum
1030 679 1335 725 versuum
1399 651 1654 717 ordines
1709 650 1917 710 locum
1979 644 2283 706 habuisse
2326 641 2387 700 in
2435 637 2663 699 eodem

464 802 747 865 carmine
792 793 1051 879 putandi
1094 799 1270 874 sunt:
1332 782 1662 848 sciendum
1710 787 1811 841 est
1854 795 1995 838 eam
2040 776 2240 855 ipsam
2285 776 2668 833 inconstan-

462 938 616 1000 tiam
684 934 792 993 vel
854 938 1212 992 nostrorum
1281 922 1571 986 codicum
1641 913 1936 993 exemplo
2003 908 2409 971 manifestam
2476 922 2670 966 esse:

464 1067 631 1152 quod
681 1065 871 1147 quale
913 1062 1000 1123 sit
1037 1063 1163 1121 iam
1208 1048 1654 1134 explicandum
1703 1062 1854 1107 esse
1899 1041 2091 1103 video
2135 1038 2521 1101 accuratius.

641 1199 812 1259 Nam
861 1202 931 1255 ut
980 1190 1270 1254 codicum
1321 1200 1480 1247 mss.
1527 1185 1589 1243 in
1634 1180 1762 1241 hoc
1806 1194 2087 1258 genere,
2149 1170 2314 1253 qnod
2367 1169 2450 1232 ad
2505 1170 2676 1231 libe-

463 1332 692 1394 riorum
757 1336 1095 1386 metrorum
1158 1316 1658 1395 descriptionem
1721 1312 2017 1387 spectat,
2081 1322 2204 1364 non
2266 1302 2350 1362 sit
2410 1319 2671 1363 summa

461 1446 851 1536 auctorita,
913 1463 1127 1516 tamen
1195 1448 1393 1510 multo
1451 1446 1647 1506 etiam
1702 1445 1909 1503 minus
1958 1436 2276 1501 credenda
2335 1446 2440 1496 est
2495 1433 2668 1495 nulla

467 1607 636 1652 esse.
739 1588 839 1648 De
898 1582 1324 1645 Ambrosiano
1383 1584 1451 1637 et
1493 1572 1721 1634 Veteri
1766 1570 2057 1632 Palatino
2102 1570 2163 1629 B
2206 1569 2457 1647 loquor:
2518 1585 2669 1627 nam

469 1734 825 1786 ceterorum
890 1719 1163 1780 omnium
1225 1715 1347 1775 iam
1405 1728 1602 1792 supra
1655 1707 1785 1771 dixi
1844 1721 2239 1768 communem
2302 1717 2455 1762 esse
2508 1699 2673 1760 hanc

470 1858 774 1918 rationem
820 1860 889 1913 ut
917 1862 1179 1931 prorsus
1207 1843 1460 1905 sublata
1488 1839 1884 1921 singulorum
1919 1853 2221 1898 versuum
2259 1833 2669 1894 distinctione

471 1986 553 2049 ad
599 2001 831 2065 prosae
874 1978 1175 2040 orationis
1216 1973 1503 2056 speciem
1545 1969 1753 2031 omnia
1799 1967 2184 2030 continuent.
2231 1961 2365 2025 Sed
2407 1962 2473 2024 A
2511 1970 2571 2023 et
2615 1963 2674 2022 B

395 2095 404 2100 ἢ
475 2119 598 2182 etsi
657 2119 721 2177 in
779 2111 1127 2175 Trinummi
1187 2107 1438 2171 cantico
1492 2123 1534 2166 a
1587 2120 1773 2163 manu
1840 2110 2070 2180 poetae
2128 2117 2209 2158 ne
2256 2096 2374 2176 ipsi
2422 2093 2672 2176 quidem

387 2221 396 2222 ἶ
473 2272 598 2315 non
645 2250 850 2329 aliquo
898 2243 1228 2306 intervallo
1273 2238 1539 2317 distant,
1586 2246 1802 2297 tamen
1845 2197 2051 2294 altera
2094 2249 2176 2290 ex
2218 2237 2400 2309 parte
2431 2227 2676 2307 pristini

477 2382 721 2447 ordinis
780 2377 1050 2459 plurima
1105 2371 1385 2454 vestigia
1443 2375 1817 2448 servarunt,
1876 2374 2069 2447 atque
2126 2361 2288 2423 adeo
2353 2364 2675 2441 aliquanto

477 2515 658 2596 plura
699 2512 915 2573 Vetus
963 2525 1153 2589 quam
1199 2469 1681 2566 Ambrosianus.
1791 2498 1999 2561 Cuius
2042 2504 2253 2556 tamen
2314 2494 2476 2553 ratio
2539 2489 2677 2552 dis-

472 2646 840 2727 crepantiae
912 2644 1278 2723 plerumque
1354 2637 1515 2698 haec
1581 2642 1824 2695 tantum
1895 2639 1996 2692 est
2012 2670 2034 2711 9
2110 2622 2312 2711 quod‘
2352 2596 2519 2707 quos
2579 2627 2679 2688 ille

477 2795 708 2838 versus
753 2774 1114 2854 singillatim
1159 2775 1488 2851 scriptos,
1548 2769 1653 2830 hic
1713 2769 1993 2829 binorum
2051 2766 2112 2825 in
2167 2781 2359 2824 unum
2415 2768 2679 2823 contra-

481 2904 694 2965 ctione
738 2905 1137 2966 continuatos
1183 2900 1467 2962 exhibet.
1555 2899 1622 2960 ld
1666 2908 1875 2961 autem
1922 2917 2111 2960 omne
2153 2894 2446 2977 quoniam
2494 2894 2679 2955 facile

479 3037 851 3117 intelligitur
908 3039 1048 3098 sola
1107 3034 1520 3098 annotatione
1580 3054 1702 3096 non
1749 3034 2036 3116 potuisse
2089 3030 2214 3094 ullo
2260 3026 2449 3089 modo
2497 3024 2682 3105 quale

477 3184 658 3238 esset
700 3174 861 3236 satis
905 3174 1010 3234 vel
1060 3173 1244 3254 plene
1288 3173 1391 3233 vel
1442 3170 1626 3251 plane
1669 3168 2046 3251 significari,
2092 3169 2343 3244 integra
2379 3161 2677 3239 exempla

478 3313 741 3370 exstare
808 3304 980 3365 volui
1048 3311 1285 3384 quanta
1349 3301 1553 3380 potuit
1630 3296 1755 3361 fide
1825 3301 2342 3377 repraesentata,
2413 3295 2678 3372 primum

483 3413 986 3507 membranarum
1063 3438 1667 3502 Ambrosianarum:
1746 3431 2009 3493 alterum
2083 3428 2346 3489 Veteris
2406 3423 2681 3486 codicis:

429 3554 430 3557 Ἴ
481 3574 707 3656 quibus
752 3571 1000 3634 tertium
1046 3568 1260 3631 addidi
1303 3565 1424 3627 mei
1470 3564 1603 3626 libri
1634 3563 1719 3637 E,
1771 3578 1895 3640 quo
1940 3556 2016 3618 de
2059 3555 2385 3618 Vrsiniani
2433 3573 2683 3636 quoqne

481 3704 666 3783 eique
708 3701 1002 3763 simillimi
1046 3699 1376 3762 Decurtati
1422 3696 1630 3757 indole
1682 3700 2031 3757 constaret.
2121 3688 2403 3768 Quorum
2458 3705 2683 3747 exem-

485 3836 727 3917 plorum
777 3833 936 3892 inter
980 3847 1057 3892 se
1100 3828 1441 3892 collatione
1485 3830 1700 3908 simul,
1746 3845 1859 3908 per
1902 3842 2062 3907 quos
2104 3831 2403 3901 tanquam
2445 3820 2683 3901 gradus

481 3967 883 4030 saeculorum
931 3961 1210 4025 decursu
1255 3960 1627 4040 depravatio
1660 3957 1998 4036 ereverit,
2058 3954 2293 4016 utiliter
2339 3970 2499 4015 esse
2545 3961 2681 4014 ante

484 4098 703 4161 oculos
745 4095 1020 4177 positum
1063 4091 1377 4156 existimo.
