2824 4890
482 272 834 345 CCCXVI

466 458 619 534 dum
660 475 812 524 esse
855 453 1230 539 intelligitur
1272 469 1395 518 nec
1440 449 1807 534 vagandum
1861 451 2345 516 inconstantius.
2395 463 2401 468 ’
2449 456 2701 537 ltaque

465 608 591 657 aas
635 606 763 673 ego
808 589 1091 651 rationes
1132 595 1431 664 secutus,
1477 602 1641 666 quas
1682 584 1895 650 Musei
1940 583 2152 664 philol.
2192 605 2253 648 n.
2298 599 2398 667 iv,
2442 606 2499 669 p.
2538 589 2701 652 60⁷

468 742 612 808 sqq.
658 721 1001 803 explicavi,
1035 738 1191 810 &cum
1237 737 1473 784 novam
1516 736 1780 782 scenam
1824 727 2051 784 contra
2094 718 2285 782 libros
2331 740 2483 784 mss.
2526 741 2572 787 a
2621 743 2698 786 v.

478 856 644 922 1176
686 871 963 922 exorsus
1006 871 1178 934 sum,
1210 852 1444 935 quippe
1490 852 1593 916 ubi
1624 871 1797 916 nova
1839 871 2114 935 persona
2144 857 2209 916 in
2233 874 2495 919 scenam
2526 878 2699 939 pro-

474 989 698 1070 cedat,
736 997 868 1054 tum
898 988 1148 1052 duobus
1193 987 1333 1052 aliis
1362 987 1545 1069 locis,
1590 988 1696 1052 ubi
1724 1006 1898 1054 nova
1939 1008 2067 1052 non
2102 990 2417 1072 procedit,
2443 993 2565 1056 sed
2605 1012 2699 1057 ex

475 1124 573 1190 eis
619 1142 786 1206 quae
827 1122 1068 1205 pridem
1109 1120 1378 1185 aderaut
1437 1139 1565 1185 una
1624 1129 1882 1184 restans
1928 1141 2152 1187 seeum
2196 1126 2339 1189 sola
2385 1126 2695 1210 loquitur,

473 1254 748 1322 eandem
803 1273 1064 1320 scenam
1124 1253 1511 1318 continuavi.
1617 1255 1854 1317 Eorum
1923 1241 2207 1320 locorum
2271 1256 2517 1339 altero,
2580 1260 2693 1340 qui

373 1390 394 1405 ⁸
481 1394 587 1452 est
627 1406 691 1450 v.
731 1386 893 1468 998,
952 1384 1079 1449 etsi
1137 1384 1375 1449 senarii
1431 1392 1584 1448 sunt
1640 1403 1803 1467 quos
1860 1387 2042 1449 solus
2086 1387 2147 1450 in
2187 1407 2387 1452 scena
2429 1398 2693 1454 restans

407 1593 411 1598 ,
486 1515 872 1584 Charmides
915 1516 1260 1600 trochaicis
1302 1517 1707 1582 sermonibus
1749 1519 2042 1601 subiicit,
2091 1531 2302 1584 tamen
2349 1533 2529 1586 reete
2567 1529 2698 1586 iam

485 1650 716 1716 Italum
779 1659 1209 1716 correctorem
1275 1649 1679 1716 interstitium
1740 1668 2079 1715 scenarum
2140 1658 2484 1720 sustulisse
2536 1657 2691 1720 inde

401 1791 864 1880 ‚-perspicitur
925 1789 1093 1871 quod
1143 1789 1345 1852 altero
1401 1789 1588 1870 loco,
1643 1808 1712 1850 v.
1754 1788 1917 1870 898,
1988 1789 2093 1853 ubi
2154 1789 2317 1853 inter
2381 1793 2693 1854 Philtonis

494 1930 850 1990 orationem
894 1933 962 1988 et
1009 1942 1396 2007 praegressa
1440 1923 1726 1988 diverbia
1769 1944 2033 2007 prorsus
2087 1927 2310 1990 eadem
2371 1930 2531 1991 ratio
2587 1931 2690 1992 in-

497 2060 808 2141 tercedit,
854 2057 1120 2122 eandem
1164 2074 1427 2120 scenam
1473 2061 1533 2122 B
1588 2075 1818 2139 reapse
1868 2058 2227 2123 coiitinuat:
2313 2059 2499 2121 euius
2552 2058 2693 2121 libri

496 2203 735 2276 quauta
776 2193 838 2256 in
879 2193 1007 2254 hoc
1048 2210 1288 2275 genere
1331 2189 1497 2254 fides
1532 2194 1665 2272 sit,
1713 2205 1961 2256 rursum
2010 2192 2158 2254 hinc
2201 2189 2414 2275 colligi
2458 2202 2695 2274 potest,

497 2324 673 2410 qnod
719 2342 937 2387 earum
979 2322 1330 2403 turbarum,
1374 2340 1539 2405 quae
1564 2329 1632 2383 et
1657 2341 1722 2383 v.
1746 2320 1872 2384 301
1917 2332 1987 2384 et
2023 2321 2152 2385 862
2195 2321 2494 2385 codicum
2516 2321 2700 2387 GDE

499 2476 881 2524 communes
924 2466 1095 2537 sunt,
1138 2459 1317 2522 solus
1361 2456 1654 2521 immunis
1698 2457 1946 2519 mansit.
1996 2454 2396 2537 Omninoque
2436 2475 2477 2516 e
2521 2458 2698 2518 metri

500 2596 851 2659 mutatione
894 2611 1018 2656 non
1060 2600 1164 2655 est
1206 2590 1549 2654 mutandae
1590 2607 1835 2654 scenae
1875 2607 2115 2653 caussa
2168 2589 2554 2671 repetendat
2613 2598 2699 2666 ut,

501 2728 565 2790 si
607 2747 674 2789 v.
715 2726 842 2790 39²
869 2735 938 2788 et
959 2718 1337 2809 998'novas
1381 2741 1619 2788 scenas
1662 2723 2018 2805 describas,
2063 2723 2289 2786 eodem
2333 2724 2478 2785 iure
2517 2722 2702 2785 etiam

514 2856 958 2937 Megaronidis
982 2874 1046 2922 v.
1081 2856 1198 2919 199
1224 2863 1427 2921 oratio
1463 2858 1652 2920 simili
1687 2858 2020 2920 intervallo
2052 2858 2134 2921 ab
2162 2858 2257 2919 eis
2302 2877 2470 2941 quae
2516 2876 2703 2939 prae-

509 2984 748 3047 cedunt
768 2994 1167 3068 segregetur.
1235 2986 1540 3050 Ceterum
1565 2987 1730 3050 idem
1755 2989 1861 3052 ille
1882 2989 2084 3050 Italus
2110 2997 2436 3051 corrector
2456 2998 2703 3071 praeter

503 3134 568 3177 v.
611 3114 742 3179 392
781 3117 843 3179 in
890 3119 1080 3182 01)ss
1117 3128 1389 3200 peecata
1446 3120 1802 3181 rectissimo
1855 3119 2085 3182 iudicio
2142 3123 2428 3183 correxit
2473 3121 2702 3184 omnia:

505 3246 813 3332 singulari
857 3257 1073 3315 tamen
1115 3268 1336 3313 errore
1376 3270 1582 3315 nevas
1626 3253 1846 3327 turbas
1895 3274 1956 3313 v.
2009 3253 2192 3316 1115.
2233 3254 2404 3317 1120
2446 3255 2695 3318 invexit.

512 3381 720 3460 Quem
765 3382 824 3445 in
872 3384 1164 3447 omnibus
1209 3386 1507 3468 princeps
1552 3385 1744 3448 editio
1789 3395 2016 3448 secuta
2059 3393 2183 3469 est,
2230 3405 2270 3448 e
2308 3406 2439 3470 qua
2483 3358 2698 3449 recen·

510 3512 675 3579 tiora
718 3516 1110 3597 exemplaria
1152 3517 1452 3598 pendent.

682 3645 754 3705 ln
800 3648 1371 3725 argumentis
1421 3649 1840 3715 metricis
1885 3650 2240 3714 fabularum
2289 3648 2703 3715 Plautinarma

517 3774 871 3838 tractandis
928 3775 1193 3838 eandem
1256 3780 1561 3842 rationem
1619 3790 1807 3842 teneo
1864 3800 1944 3843 ac
1984 3786 2043 3845 si
2089 3783 2149 3845 in
2195 3782 2428 3846 Plauto
2471 3802 2703 3849 verser:

514 3927 660 3971 nam
708 3909 829 3970 etsi
876 3910 1061 3973 nimis
1107 3911 1298 3997 lepidi
1341 3914 1596 3977 suerunt
1637 3916 1741 3997 qui
1784 3913 1932 3977 huie
1973 3914 2097 3997 ipsi
2155 3915 2299 3978 illos
2360 3916 2704 3980 versiculos

519 4044 889 4128 tribuerent,
935 4054 1152 4112 tamen
1194 4065 1336 4110 cum
1382 4050 1672 4133 prologis
1715 4070 1837 4113 non
1884 4048 2192 4112 Plautinis
2245 4051 2548 4112 omnibus
2600 4049 2708 4110 hoe

515 4174 559 4234 ii
618 4192 952 4243 commune
996 4179 1230 4241 habent
1271 4181 1439 4261 quod
1487 4199 1754 4264 prorsus
1798 4183 2094 4247 Plautina
2137 4200 2549 4246 numerorum
2588 4188 2711 4242 arte
