2824 4890
2150 354 2309 418 xm

371 515 678 585 Maiorem
724 528 967 599 partem
1013 522 1487 611 uideaeualgis
1529 532 1747 594 sanilo.

377 646 417 690 e
627 648 667 692 e
877 651 919 695 e
1129 655 1171 698 e
1312 684 1321 697 .
1384 660 1427 703 e
1635 662 1679 707 e
1755 692 1758 697 2

364 757 531 817 Nam
578 776 706 840 ego
751 758 871 820 hau
918 724 1023 823 diu
1070 775 1224 845 aput
1270 766 1438 830 hunc
1483 776 1856 837 seruitutem
1903 780 2137 845 seruio.

369 886 438 946 ld
485 890 630 949 uolo
675 908 794 951 uos
837 894 1025 971 scire,
1075 897 1387 974 quomodo
1436 900 1513 962 ad
1559 902 1727 968 hunc
1772 904 2135 973 deuenerim
2180 944 2259 958 —
2292 960 2309 979 .

278 1020 544 1084 Tantum
578 1022 656 1084 de
689 1024 1168 1088 Ambrosiano„
1214 1029 1623 1111 Reliquorum
1663 1037 1952 1102 librorum
1999 1042 2103 1107 hic
2147 1064 2304 1119 usus

132 1154 271 1236 fuit,
328 1166 392 1217 ut
449 1176 560 1236 per
605 1167 799 1220 totam
848 1161 1119 1225 fabulam
1166 1167 1520 1248 scripturae
1565 1170 2053 1254 discrepantiam
2099 1181 2300 1244 affer-

129 1307 315 1351 remus
365 1309 403 1352 e
460 1289 926 1359 Banz:
983 1310 1338 1389 praeterea,
1382 1313 1451 1365 ut
1491 1310 1787 1390 exempla
1839 1322 2193 1393 exstarent,
2239 1316 2299 1380 in

127 1436 303 1482 scena
358 1424 557 1502 prima
611 1432 724 1495 (ex
785 1437 964 1505 parte
1019 1430 1207 1492 etiam
1272 1434 1328 1493 in
1387 1441 1779 1517 argumentis
1844 1445 2154 1519 metricis)
2216 1466 2299 1508 ex

125 1549 911 1641 EGIIKLMNP‚
969 1562 1030 1621 iu
1095 1567 1477 1643 paenultima
1543 1579 1608 1631 et
1676 1571 1892 1638 ultima
1957 1597 2040 1639 ex
2101 1575 2305 1648 ΧΥ.

126 1682 344 1748 Horum
390 1705 536 1763 008,
582 1689 686 1770 qui
732 1710 855 1751 nou
882 1701 1032 1753 sunt
1054 1694 1312 1757 adhibiti
1342 1698 1737 1782 Trinummo,
1781 1704 1943 1767 infra
1971 1705 2300 1789 descripsi.

272 1813 353 1883 L
396 1821 901 1884 Barberiuus
945 1834 1048 1887 cst
1091 1848 1251 1891 unus
1296 1852 1333 1893 e
1381 1843 1677 1914 quattuor
1728 1838 2059 1903 codicibus
2089 1841 2293 1905 Plau-

119 1947 273 2030 tinia,
316 1972 582 2016 numero
626 1956 917 2035 signatus
959 1959 1146 2041 2161,
1194 1961 1252 2022 in
1298 1965 1677 2028 membranis
1720 1972 1988 2032 saeculo
2029 1991 2144 2036 xv.
2191 1975 2293 2037 ni-

119 2065 401 2147 tidissime
447 2087 722 2167 scriptas
778 2088 1022 2151 fabulas
1047 2109 1153 2157 xx.
1185 2059 1640 2176 complectens'.
1724 2067 1825 2161 Ab
1860 2101 2029 2165 initio
2062 2104 2291 2187 legitur

120 2212 229 2275 Hic
269 2218 419 2280 liber
466 2226 566 2280 eet
596 2177 921 2283 ¹G'm'dom'o
964 2225 1268 2302 Bonacti,
1330 2226 1389 2288 in
1448 2228 1574 2292 fine
1617 2233 1858 2314 scripta
1901 2234 2065 2297 haec
2111 2247 2284 2300 sunt:

119 2346 265 2409 Puto
291 2372 387 2412 me
401 2372 528 2431 pro
562 2360 637 2413 ut
675 2357 744 2413 in
786 2355 1143 2431 exemplari
1181 2358 1301 2417 laoc
1344 2363 1705 2439 exemplum
1766 2371 2260 2447 transcripsisse
2275 2392 2299 2431 .-

122 2498 220 2541 nec
257 2489 628 2564 scriptorem
673 2491 1006 2548 criminari
1055 2490 1270 2550 uelitis
1311 2492 1659 2572 Leyentee,
1724 2503 1788 2558 ei
1842 2503 1954 2578 qui
1994 2504 2256 2587 fueritis
2273 2526 2297 2566 .-

114 2611 253 2675 Cum
316 2637 473 2678 uero
534 2619 926 2680 emendatius
984 2621 1241 2681 habitur
1330 2628 1692 2704 exemplum
1770 2631 2172 2694 veraciorem
2229 2643 2294 2697 et

113 2750 571 2811 emendatiorem
607 2756 932 2829 preposita
958 2757 1245 2816 mercede
1269 2760 1501 2834 optima
1521 2759 1813 2836 plautum
1838 2768 2282 2828 transcribam.

124 2877 318 2943 Valete
346 2892 408 2945 et
440 2885 685 2946 Virtuti
714 2889 954 2965 fauete.
998 2889 1173 2951 Petr.
1229 2891 1565 2954 Vrsuleus.
1614 2895 1965 2978 Excerpsit
1997 2901 2058 2961 in
2087 2921 2294 2987 meum

114 3031 269 3078 usum
311 3020 673 3102 (quoniam,
721 3019 864 3082 dum
911 3021 1161 3085 Romae
1206 3044 1452 3106 moror,
1498 3007 1707 3091 aditus
1751 3028 1830 3092 ad
1873 3033 2294 3101 Barberinam

112 3144 528 3214 bibliothecam
570 3153 776 3214 nullus
821 3159 1059 3234 patuit)
1106 3157 1160 3218 A
1186 3159 1445 3222 emilii
1491 3162 1817 3224 Braunii
1860 3168 2157 3229 amicitia.

240 3277 344 3348 Μ
375 3285 1018 3350 vindobonensis
1039 3261 1429 3392 ffisaeculi
1461 3311 1576 3373 xv,
1603 3295 1960 3359 chartarum
2002 3315 2296 3363 ccxcnn.

110 3407 324 3477 formae
367 3419 708 3500 maximae,
755 3421 1109 3485 fabularum
1158 3443 1280 3486 xx:
1337 3443 1459 3486 una
1505 3444 1647 3487 cum
1695 3432 1985 3507 proximo
2036 3429 2292 3493 descri-

105 3554 254 3627 ptus,
295 3552 409 3614 sed
459 3573 585 3615 non
632 3558 790 3617 satis
836 3567 1139 3619 accurate
1180 3556 1543 3638 descriptus
1587 3557 1667 3619 ab
1711 3559 2093 3625 Endlichero
2153 3563 2291 3629 Ca-

108 3676 195 3737 tal.
238 3684 411 3750 codd.
460 3705 613 3752 mss,
660 3688 800 3753 bibl.
849 3688 1055 3751 Palat.
1100 3690 1285 3754 Vind.
1329 3710 1389 3772 p.
1434 3692 1487 3774 1,
1532 3713 1592 3774 p.
1636 3695 1694 3759 2.
1784 3693 2036 3761 Chattis
2088 3721 2285 3782 prae-

107 3811 320 3875 missae
363 3826 511 3879 sunt
560 3830 855 3899 quattuor
895 3822 1335 3906 membranae,
1402 3845 1664 3908 quarum
1710 3831 1949 3911 prima,
2014 3833 2289 3915 conglu-

102 3944 273 4012 tinata
316 3975 395 4018 ea
438 3974 583 4017 cum
635 3957 875 4020 codicis
925 3961 1288 4044 involucro,
1333 3965 1391 4024 in
1436 3967 1670 4048 pagina
1716 3968 1914 4027 altera
1959 3969 2115 4028 inter
2159 3985 2280 4029 sex

100 4093 306 4146 versus
344 4091 700 4169 scripturae
744 4110 1008 4172 prorsus
1053 4112 1282 4156 erasae
1326 4097 1578 4157 nomina
1654 4104 1965 4158 monstrat
2007 4096 2293 4170 Antonia)

97 4212 555 4301 Panormitano,
628 4226 960 4290 secundae
1011 4233 1180 4309 prior
1225 4230 1457 4310 pagina
1502 4237 1676 4303 (nam
1722 4229 2037 4309 posterior
2082 4235 2275 4293 vacat

91 4348 413 4429 scriptura)
460 4356 720 4422 aliorum
764 4376 1217 4440 possessorum
1266 4375 1377 4422 eas
1433 4360 1789 4423 notationes
1848 4377 2009 4442 quas
2058 4363 2279 4426 Musei
