2824 4890
1928 321 2318 406 ‘ccxcv

153 523 400 604 quodam
459 530 525 583 et
582 518 935 584 exercitato
993 517 1075 581 ad
1132 518 1371 581 usitata
1419 519 2128 602 inusitataquegenera
2171 541 2319 585 me..

151 668 362 722 trorum
408 655 833 721 discernenda
875 654 1128 718 iudicio.
1214 654 1384 718 Nam
1427 673 1568 717 cum
1619 663 1875 736 propter
1919 673 2216 737 magnam
2258 666 2325 719 et

152 792 466 873 prosodiae
519 788 1000 872 ambiguitatem
1063 794 1129 849 et
1188 794 1690 866 permutatorum
1751 786 1913 848 inter
1965 804 2038 850 se
2095 785 2325 867 pedum

149 938 500 996 varietatem
526 951 725 1013 saepe
751 909 1080 1012 plurimum
1121 927 1529 990 dubitationis
1574 927 1725 990 illud
1770 927 2025 1006 babeat,
2067 944 2105 986 e
2146 942 2320 988 com-

150 1065 403 1144 pluribus
468 1080 635 1144 quae
695 1068 960 1142 pateant
1004 1056 1576 1121 distribuendorum
1623 1074 1924 1118 versuum
1965 1056 2094 1118 viis
2136 1073 2322 1138 quam

149 1199 516 1281 potissimum
571 1197 750 1256 ineas
800 1201 865 1255 et
929 1192 1163 1253 ceteris
1217 1190 1473 1250 reiectis
1530 1196 1789 1249 teneas:
1861 1186 2026 1248 nulla
2070 1206 2140 1248 re
2180 1186 2324 1267 plus

148 1344 449 1414 peccatum
517 1345 618 1394 est
673 1349 858 1413 quam
914 1327 1149 1389 talibus
1193 1341 1497 1385 versuum
1540 1321 1684 1382 sive
1727 1318 2323 1381 conformationibus

150 1467 272 1528 sive
321 1427 876 1545 coniugationibus
936 1456 1258 1538 probatis,
1318 1471 1479 1536 quas
1537 1457 1661 1515 etsi
1719 1452 2138 1514 demonstrati
2194 1471 2317 1514 ne-

151 1605 318 1679 queat
356 1595 597 1659 admitti
644 1593 809 1655 nullo
862 1589 1051 1652 modo
1113 1585 1439 1668 potuisse,
1503 1592 1717 1647 tamen
1776 1585 1965 1645 tritae
2019 1583 2311 1645 Plautina

151 1727 582 1792 consuetudine
639 1740 831 1787 aures
880 1721 1024 1784 ilico
1066 1705 1373 1799 respuant
1412 1723 1482 1779 ut
1527 1715 1856 1795 analogiae
1901 1712 2313 1775 commenda-

152 1863 297 1923 tione
333 1862 694 1930 destitutas.
781 1856 1060 1919 Rursum
1106 1864 1316 1915 autem
1364 1858 1467 1931 ut,
1535 1867 1699 1931 quae
1742 1849 1826 1908 sit
1868 1865 2023 1909 vera
2065 1846 2315 1910 deseri-

150 1991 309 2056 bendi
346 1994 533 2072 ratio,
580 1975 1027 2068 inuestigetur,
1066 2002 1191 2044 non
1221 1988 1321 2044 est
1346 1980 1582 2043 certius
1613 1976 1903 2039 indicium
1933 1981 1996 2038 in
2026 1984 2318 2058 promptu

151 2144 312 2208 quam
364 2123 529 2208 quod
592 2137 899 2183 versuum
961 2132 1105 2178 cum
1156 2111 1616 2175 sententiarum
1661 2108 1892 2170 finibus
1935 2120 2314 2187 exaequan-

150 2255 337 2321 dcrum
380 2254 653 2320 artificio
697 2252 1069 2314 continetur.
1157 2245 1344 2324 Quae
1389 2242 1495 2304 lex
1540 2240 1662 2303 etsi
1699 2257 1829 2307 non
1894 2245 1997 2302 est
2055 2257 2195 2301 eam
2256 2239 2321 2298 in

152 2398 361 2471 partem
422 2382 901 2469 interpretanda
951 2378 1259 2465 rigidius,
1323 2374 1511 2458 quasi
1565 2391 1690 2434 non
1750 2371 2103 2433 commodis
2154 2371 2319 2433 locis

150 2519 407 2599 aptisque
450 2517 687 2597 modis,
735 2523 804 2577 ut
846 2512 906 2573 in
948 2511 1123 2572 omni
1165 2506 1377 2588 poesi,
1412 2506 1505 2564 ita
1545 2501 1650 2561 hic
1693 2518 1943 2580 quoque
1984 2499 2194 2579 aliqua
2233 2517 2318 2558 ex

146 2655 300 2724 parte
334 2647 697 2728 discrepare
735 2658 1133 2705 numerorum
1176 2594 1642 2711 verborumque
1681 2627 1933 2689 ordines
1969 2627 2313 2717 potuerint,

153 2785 333 2842 tamen
372 2777 726 2865 generatim
769 2775 867 2837 sic
905 2774 1057 2835 licet
1097 2771 1225 2831 hoc
1264 2738 1476 2848 genus
1518 2761 1781 2825 definire
1826 2768 1933 2840 ut,
1991 2778 2118 2842 quo
2159 2775 2316 2822 sae-

141 2912 274 2997 pius
312 2924 374 2977 et
412 2914 861 2979 vehementius
902 2909 1260 2971 sententiae
1301 2890 1557 2966 vinculo
1588 2901 1786 2982 ligata
1812 2899 2011 2961 oratio
2037 2894 2314 2959 metricis

150 3051 410 3114 membris
451 3051 855 3130 discerpatur
898 3054 966 3107 et
1012 3053 1331 3124 tamquam
1378 3048 1759 3122 amputetur,
1806 3056 1883 3099 eo
1927 3032 2316 3116 improbabi-

152 3180 249 3244 lior
298 3184 528 3248 evadat
582 3199 770 3263 quam
826 3193 1146 3259 proponas
1205 3173 1641 3236 distinctorum
1682 3174 1848 3232 inter
1890 3185 1967 3230 se
2014 3183 2316 3228 versuum

152 3336 492 3386 mensuram.
585 3324 797 3400 Atque
844 3317 968 3379 hoc
1008 3310 1153 3376 illud
1200 3320 1327 3391 est,
1372 3311 1435 3371 in
1478 3326 1602 3391 quo
1631 3301 2140 3367 emendationem
2186 3315 2313 3358 non

152 3450 451 3518 admittere
508 3462 794 3534 tantum,
852 3448 969 3513 sed
1013 3445 1302 3527 flagitare
1346 3436 1878 3503 Hermannianam
1925 3427 2315 3507 descriptio-

153 3602 278 3647 nem
306 3588 436 3649 eius
461 3584 689 3651 cantici
715 3579 1128 3645 intellexerim
1154 3547 1325 3655 quod
1358 3579 1460 3631 est
1490 3567 1553 3630 in
1595 3566 1963 3628 Trinummo
2009 3579 2047 3622 a
2091 3579 2154 3621 v.
2186 3556 2316 3622 223

149 3712 219 3775 td
255 3713 405 3782 300:
451 3704 618 3798 quod
661 3714 764 3775 ille
810 3711 973 3791 ipse,
1018 3707 1073 3768 si
1118 3706 1244 3767 huc
1284 3699 1641 3783 posteriore
1682 3705 1971 3777 tempore
2014 3706 2317 3753 reversus

155 3858 331 3929 esset,
370 3846 644 3912 dubitari
687 3842 904 3924 nequit
946 3839 1091 3922 quin
1135 3839 1321 3917 longe
1363 3834 1546 3896 aliter
1590 3830 2029 3908 descripturus
2070 3824 2318 3885 fuisset.

151 3976 596 4040 Elementorum
637 3975 830 4057 igitur
873 3970 1167 4049 exemplo
1195 3967 1468 4044 discant,
1507 3963 1613 4042 qui
1651 3961 1710 4020 in
1751 3958 1879 4019 hoc
1908 3969 2149 4034 genere
2189 3949 2316 4009 ali-

152 4109 279 4191 quid
319 4112 537 4174 volunt
582 4110 934 4193 proficere,
1000 4113 1393 4187 quantopere
1450 4104 1701 4181 practer
1758 4100 1975 4189 cetera
2032 4087 2155 4147 hoc
2199 4086 2315 4147 ca?—

152 4243 401 4309 vendum
453 4251 580 4328 sit,
635 4268 717 4309 ne
767 4247 829 4308 in
888 4259 1188 4305 versuum
1245 4237 1433 4299 finem
1494 4229 1643 4292 novi
1708 4220 2014 4286 enuntiati
2073 4215 2313 4278 initium
