2824 4890
2069 336 2354 405 CXCII!

156 503 289 549 rum
331 486 434 551 bic
477 507 605 572 qua
649 511 793 556 eum
848 502 1268 580 temperantia
1311 502 1663 590 admiserit,
1707 515 1899 578 multo
1943 522 2134 583 etiam
2159 531 2365 590 mani-

153 614 380 678 festius
407 619 653 702 similis,
677 642 863 705 quam
895 644 1021 707 qua
1052 647 1246 712 supra
1268 638 1627 724 utebamur,
1647 652 2037 726 computatio
2056 672 2360 721 versuum

152 747 441 812 ostendit.
487 751 907 834 Septenarios
969 762 1136 825 enim
1182 765 1545 832 trochaicus
1590 790 1735 837 cum
1783 778 2187 848 'l'rinummus
2227 788 2370 870 plus

147 884 535 967 quingentos
579 893 1070 979 complectatur,
1117 898 1370 980 quoties
1415 906 1475 966 in
1523 916 1698 972 tauta
1750 915 2154 982 multitudine
2194 941 2360 1000 poe-

138 1020 267 1077 tam
310 1026 500 1097 putas
542 1039 642 1099 ea,
691 1040 816 1103 qua
860 1026 1097 1091 licebat
1140 1041 1243 1095 sat
1284 1051 1507 1117 saepe,
1554 1038 1845 1106 libertate
1887 1065 2118 1130 reapse
2164 1071 2350 1119 usum

137 1141 329 1208 esse?
414 1147 565 1209 'l'ria
608 1148 734 1211 huc
776 1153 1071 1235 exempla
1120 1177 1158 1218 o
1199 1177 1392 1243 supra
1431 1168 1644 1230 allatis
1687 1173 1931 1238 referre
1996 1182 2241 1259 poteris
2289 1204 2353 1253 v.

134 1270 277 1334 907.
324 1273 509 1337 1059.
563 1277 754 1342 10713
814 1298 1082 1362 quorum
1141 1288 1446 1370 ambigua
1501 1297 1604 1357 vis
1661 1308 1800 1379 est,
1860 1307 2158 1384 quoniam
2202 1330 2343 1374 cum

132 1422 534 1471 numerorum
576 1428 785 1490 pausa
827 1415 1172 1479 coniuncta
1219 1430 1364 1504 est,
1424 1443 1548 1506 qua
1589 1432 1728 1492 sola
1775 1437 1939 1497 satis
1985 1438 2350 1507 defenditur

133 1534 365 1621 hiatus,
413 1543 716 1606 orationis
761 1547 1019 1610 iustitio.
1124 1552 1391 1616 Praeter
1451 1558 1556 1620 illa
1613 1561 1673 1622 in
1737 1571 1874 1626 tota
1935 1565 2147 1632 fabula
2218 1593 2345 1637 non

128 1670 570 1753 pluresquam
615 1692 740 1737 sex
782 1687 1123 1758 septemve
1164 1702 1400 1747 versus
1448 1698 1732 1774 exstant,
1774 1694 1837 1756 in
1871 1714 2134 1777 quorum
2181 1721 2345 1768 cae-

128 1816 279 1863 sura
306 1803 545 1866 hiatum
573 1806 791 1886 scripti
819 1808 956 1870 libri
987 1818 1302 1876 testentur
1329 1815 1436 1879 vel
1469 1820 1683 1898 potius
1715 1830 1937 1891 testari
1965 1831 2336 1902 videantur:

126 1952 165 1994 e
205 1936 440 2017 quibus
483 1938 584 2000 ubi
629 1958 745 2001 eos
788 1940 1171 2029 dempseris,
1211 1968 1475 2032 quorum
1520 1967 1629 2020 aut
1670 1962 1839 2025 nulla
1875 1975 1986 2029 aut
2023 1984 2330 2053 suspecta

123 2065 306 2150 fides,
349 2071 669 2154 aliquanto
718 2076 908 2139 ctiam
951 2083 1296 2159 pauciores
1340 2089 1694 2158 restabunt.
1801 2096 1949 2160 Pari
1997 2110 2334 2188 utrumq'ue

120 2218 330 2284 genus
374 2205 786 2284 proportione
831 2208 895 2268 in
941 2209 1365 2296 Bacchidibus
1416 2228 1548 2283 est:
1591 2221 1652 2283 in
1693 2243 1816 2306 qua
1858 2228 2073 2295 fabula
2115 2256 2152 2296 e
2192 2238 2336 2318 plus

127 2336 434 2402 trecentis
502 2341 917 2419 septenariis.
953 2309 1293 2408 trochaicis
1363 2350 1597 2417 hiatum
1664 2378 1748 2420 ex
1813 2362 2152 2428 Hermanni
2222 2391 2332 2433 re-

129 2472 434 2531 censione
492 2491 615 2535 sex
666 2474 1091 2542 admiseruntt
1159 2501 1222 2543 v.
1269 2483 1370 2545 55.
1426 2486 1571 2552 362.
1622 2490 1765 2554 396.
1807 2493 1949 2557 399.
1994 2500 2139 2565 414.
2183 2504 2331 2586 415,

121 2610 456 2678 praeterea
505 2606 812 2668 octonarii
858 2606 981 2670 duo
1021 2610 1170 2672 580.
1212 2614 1355 2677 582.
1402 2618 1597 2683 Vnde
1639 2626 1799 2688 satis
1844 2638 1996 2707 puto
2037 2648 2331 2716 apparet,

116 2748 304 2812 quam
349 2752 473 2794 non
517 2734 603 2796 sit
644 2735 705 2795 in
747 2733 989 2800 deliciis
1013 2738 1269 2805 habitus
1302 2748 1406 2809 vel
1434 2755 1713 2816 maxime
1744 2757 2067 2839 legItimus
2099 2765 2329 2831 hiatus-

118 2858 267 2937 Quo
314 2862 524 2945 magis
566 2873 757 2926 cauto
801 2883 963 2947 opus
1010 2887 1163 2933 esse
1205 2873 1611 2961 intelligitur,
1670 2904 1751 2946 ne
1794 2890 1961 2970 quod
2009 2893 2143 2957 fleri
2202 2918 2328 2979 po-

114 2997 325 3056 tuisse
366 2996 850 3062 concedendum
895 3003 1003 3084 sit,
1046 3005 1343 3086 cupidius
1390 3011 1687 3077 credatur
1732 3018 1971 3085 sactum
2021 3046 2174 3092 esse
2218 3052 2327 3095 re-

113 3145 290 3188 vera.
382 3129 569 3206 Quae
611 3132 818 3194 cautio
861 3152 1022 3216 quas
1068 3136 1128 3199 in
1171 3152 1386 3220 partes
1431 3149 1646 3211 valeat
1690 3170 2004 3237 quamque
2029 3159 2327 3225 subtilem

108 3258 623 3325 diiudicationem
667 3264 925 3349 habeat,
972 3270 1173 3349 ipsius
1220 3273 1567 3341 Trinummi
1626 3288 1940 3366 exemplis
1996 3288 2326 3355 declarare

104 3391 278 3473 licet,
326 3411 490 3474 quac
528 3393 695 3457 haec
739 3405 889 3458 suut
931 3417 995 3460 v.
1037 3397 1180 3462 311.
1223 3402 1369 3464 606.
1396 3407 1541 3468 613.
1568 3408 2091 3478 652.990.1025.
2128 3420 2327 3487 11²4:
2403 3510 2410 3515 ἢ

270 3537 499 3604 Ninnio
523 3545 781 3629 satiust,
813 3545 885 3610 uit
914 3561 1129 3633 opust,
1155 3561 1219 3614 te
1251 3558 1343 3615 ita
1373 3555 1535 3631 e'sse,
1577 3556 1763 3640 quarn
1794 3570 1860 3623 ut
1894 3565 2102 3629 animo
2136 3568 2328 3637 lubet.

275 3681 436 3744 Non
479 3686 778 3749 credibile
817 3685 997 3754 dicis.
1046 3693 1132 3753 At
1175 3698 1245 3753 lu
1287 3691 1510 3770 &depol
1546 3693 1753 3758 nullus
1795 3698 2085 3766 cre'duas.

270 3813 618 3881 Postremo
662 3820 890 3903 edepol
931 3822 1057 3905 ego
1085 3825 1271 3887 istam
1297 3844 1429 3887 rem
1459 3826 1540 3888 ad
1574 3847 1673 3888 me
1708 3832 1980 3893 (illinere
2008 3833 2327 3917 intellego·

270 3933 514 4028 'Atque
551 3950 745 4012 istum
790 3971 916 4036 ego
957 3968 1181 4036 agrum
1225 3951 1332 4017 tibi
1375 3959 1658 4037 relinqui
1685 3958 1760 4020 ὁὸ
1792 3979 1931 4021 eam
1971 3982 2099 4022 rem
2135 3965 2325 4027 enixe

1480 4085 1735 4168 expeto.

271 4211 641 4295 vapulabis
682 4235 827 4281 meo
869 4218 1186 4281 cirbitratu
1230 4217 1298 4280 eft
1334 4236 1637 4280 nouorum
1683 4215 1998 4284 aedilium.

259 4354 402 4396 ria-a
431 4355 548 4398 σοι..
578 4357 614 4401 ι.
646 4358 684 4401 t.
712 4357 829 4399 πή..
1878 4367 1920 4410 u
