2824 4890
508 323 873 393 cxxxiv

497 530 626 574 non
668 511 879 575 licebit
921 511 1044 573 ullo
1086 510 1273 574 modo
1317 513 1632 595 tribuere,
1696 515 1817 577 nisi
1875 514 2127 597 quidem
2210 534 2386 578 unam
2430 516 2646 573 omnium

498 642 768 707 sormam
829 656 1166 728 exceptam
1211 665 1363 709 csse
1406 667 1492 708 ex
1532 646 1817 711 affinium
1866 651 2182 714 societate
2224 658 2455 734 praeter
2495 647 2649 708 ratio-

510 796 657 839 nem
687 777 1108 840 contenderis.
1170 778 1347 862 Ergo
1393 797 1505 860 pro
1548 790 1901 862 anapaesto
1945 788 2222 844 omnium
2266 783 2321 844 in
2363 779 2650 864 posteriora
2743 841 2744 844 ,

514 910 866 973 Trinummi
910 910 1243 993 Stichique
1285 930 1481 973 versu
1542 919 1949 996 necessario,
2010 921 2073 979 in
2129 919 2333 999 priore
2373 912 2654 979 Trinummi

518 1042 927 1125 probabiliter
968 1043 1366 1108 habendum:
1420 1063 1534 1127 pro
1575 1047 1936 1128 pyrrhichio
1980 1058 2184 1114 omm‘e
2226 1053 2286 1115 in
2333 1047 2656 1116 Cistellaria:

520 1196 636 1258 pro
681 1175 1001 1238 tribracho
1043 1181 1253 1237 omnia
1300 1175 1360 1237 in
1406 1175 1716 1258 Hecyra,
1761 1180 1928 1239 nulla
1973 1190 2186 1243 autem
2223 1181 2579 1243 necessitate
2609 1177 2651 1234 in

514 1306 686 1372 Rud.
729 1325 828 1390 lv,
870 1310 932 1386 4,
975 1309 1062 1371 56
1104 1295 1354 1371 'Omnia
1395 1330 1511 1387 eqo
1553 1315 1754 1371 istaec
1789 1312 1988 1390 fa'cile
2024 1319 2256 1390 patior,
2309 1322 2371 1375 et
2408 1307 2662 1374 'friam

516 1430 761 1506 'Omnia
817 1463 935 1522 eqo
989 1448 1189 1505 estnec
1244 1443 1420 1524 quae'
1467 1452 1539 1506 tu
1594 1447 1766 1507 daz-ti
1787 1491 1804 1522 ,
1862 1446 1963 1508 ubi
2027 1448 2174 1510 nihil
2231 1449 2366 1510 vitii
2420 1442 2661 1525 dactylus

511 1570 727 1642 habet.
813 1577 946 1642 Sed
990 1579 1236 1641 alienus
1278 1579 1360 1641 ab
1406 1578 1507 1640 his
1552 1579 2031 1660 Amphitruonis
2074 1598 2143 1662 v,
2195 1583 2272 1663 1,
2312 1582 2430 1662 39,
2471 1578 2658 1641 omisso

516 1719 631 1778 tibi
672 1718 1131 1800 corrigendum
2187 1810 2200 1816 ὴ

676 1837 988 1912 'Omnium
1034 1847 1307 1932 primuni
1348 1839 1723 1915 'Alcumena
1767 1851 2063 1942 geminos
2108 1855 2356 1936 peperit
2399 1849 2568 1915 filios.

760 1983 854 2044 Vt
896 1984 1085 2064 igitur
1125 1991 1352 2068 paucis
1396 1992 1894 2071 complectamur
1933 2009 2097 2071 quae
2140 1989 2423 2054 rimando
2463 1983 2668 2069 singula

510 2113 694 2176 nobis
744 2113 1038 2176 videmur
1081 2115 1416 2181 effecisse:
1482 2121 1777 2201 neglecta
1820 2120 1879 2181 in
1926 2119 2132 2182 media
2176 2140 2348 2186 voce
2395 2120 2493 2181 vis
2533 2114 2670 2198 posi·

509 2245 697 2308 tionis
764 2256 830 2308 et
898 2267 1334 2329 paucorum
1414 2252 2015 2314 vocabulorum
2092 2253 2673 2336 bisyllaborum

513 2380 708 2443 certis
751 2380 1065 2464 exemplis
1113 2383 1511 2471 continetur,
1580 2391 1644 2444 et
1687 2383 1924 2445 illorum
1972 2384 2056 2448 ita
2102 2393 2594 2469 comparatorum
2628 2383 2676 2439 ut

507 2532 629 2577 nec
665 2525 797 2577 tres
842 2534 1117 2597 unquam
1157 2514 1716 2597 corripiantur
1758 2514 1876 2576 sed
1911 2523 2219 2579 tantum
2271 2520 2500 2580 binae
2536 2528 2676 2576 con·

510 2658 969 2729 sonanteS,
1028 2655 1094 2708 et
1138 2648 1402 2708 harum
1448 2648 1758 2727 altera,
1802 2647 1857 2709 si
1900 2667 1940 2710 a
1981 2656 2047 2709 st
2088 2658 2153 2710 et
2193 2650 2535 2732 geminatis
2573 2643 2679 2705 dis·

520 2788 804 2846 cesseris
828 2827 847 2861 ,
889 2783 1099 2844 soleat
1140 2780 1434 2863 liquida
1483 2800 1669 2862 esse,
1717 2789 1785 2844 ut
1815 2782 1874 2844 in
1913 2786 2064 2844 inde.
2116 2786 2292 2847 unde
2342 2790 2515 2846 inlus
2554 2784 2681 2841 inter

516 2921 775 2980 interim
822 2934 1046 2992 nempe
1086 2919 1310 2976 omnis.
1394 2914 1530 2976 Sed
1582 2915 1681 2978 his
1736 2936 1899 2980 cave
1947 2938 2029 2980 ne
2073 2916 2335 2981 defendi
2395 2916 2543 2979 talia
2583 2926 2677 2992 9¹1⁶

508 3057 614 3111 tes
659 3046 866 3129 qualia
912 3043 1281 3127 legebantur
1326 3047 1500 3109 Trin.
1541 3048 1643 3110 27.
1683 3047 1828 3112 386.
1870 3049 1994 3111 724
2052 3050 2140 3110 ne'
2177 3072 2281 3112 me
2339 3054 2413 3112 id
2470 3044 2674 3111 sienim,

514 3183 649 3246 trite
676 3176 1000 3257 concilies,
1030 3178 1147 3259 qm'
1171 3200 1305 3240 meo
1333 3202 1441 3273 erp
1494 3178 1817 3246 dduo'reue
1854 3184 2206 3258 πέττει-ἐῢ),
2258 3188 2372 3247 vel
2417 3182 2558 3247 alibi
2609 3171 2683 3240 ἵη·

543 3406 604 3473 *)
636 3408 773 3457 Nam
811 3407 910 3457 nisi
958 3408 1282 3469 corripuisse
1349 3403 1639 3456 advorsus
1682 3409 1901 3468 credas,
1950 3408 2036 3472 qui
2087 3408 2138 3457 in
2187 3410 2288 3458 liac
2341 3387 2689 3471 a⁸cquieverunt

643 3507 934 3568 scriptura,
970 3520 1126 3570 quam
1166 3510 1378 3556 tandem
1417 3507 1705 3555 scandendi
1744 3507 2005 3556 rationem
2043 3508 2256 3556 inierint
2296 3508 2462 3572 plane
2500 3500 2689 3553 nesciu-

642 3603 957 3669 Quauquam
996 3605 1110 3654 alia
1144 3608 1405 3668 quaedam
1440 3611 1569 3654 sunt
1605 3604 1653 3652 ln
1693 3605 2036 3669 Trinummo,
2070 3619 2207 3669 quae
2243 3619 2449 3668 reapse
2485 3600 2686 3653 nescim

646 3714 803 3764 quam
852 3714 1152 3751 mensuram
1202 3704 1399 3753 habere
1452 3703 1750 3752 editoribus
1798 3704 1915 3753 visa
1961 3704 2083 3752 sint.
2159 3705 2335 3754 Velut
2386 3703 2478 3768 qni
2523 3715 2576 3750 v-
2606 3690 2690 3745 934

647 3801 945 3853 camerarii
983 3803 1298 3866 scripturam
1339 3817 1453 3853 non
1491 3803 1670 3853 illaec
1706 3811 2117 3869 propagarunt,
2170 3813 2354 3855 utrum
2396 3799 2695 3864 corripuisse

643 3917 756 3955 non
797 3903 1113 3964 particulam
1149 3916 1217 3953 an
1239 3917 1309 3952 ae
1330 3904 1709 3968 diphthongum
1734 3899 2056 3954 credemus?
2091 3905 2195 3955 lllo
2215 3910 2408 3955 autem
2430 3890 2697 3953 vernu'72⁴
2743 3940 2744 3943 η

640 4006 846 4056 etiamsi
883 4005 1154 4069 corripere
1219 4000 1510 4055 advorsus
1545 4005 1769 4069 liceret,
1822 4006 1988 4056 nihilo
2025 4014 2207 4056 tamen
2241 4005 2429 4070 magis
2467 4016 2587 4053 meo
2618 4008 2695 4046 σθ

643 4109 813 4158 verba
846 4112 980 4159 adeo
1016 4108 1332 4158 delitescere
1371 4106 1770 4169 pronuntiando
1809 4114 2065 4168 possent:
2102 4104 2199 4173 qui
2217 4119 2349 4156 meo
2376 4119 2483 4157 ero
2507 4092 2698 4155 αδκὸΐ·
2743 4104 2744 4155 s

640 4219 755 4255 sus·
793 4208 913 4257 Non
953 4208 1128 4272 inepte
1166 4206 1332 4271 igitur
1369 4220 1660 4268 pronomen
1685 4206 1903 4256 Bothius
1939 4206 2284 4270 expungebat
2308 4220 2325 4254 z
2364 4205 2514 4269 quod
2553 4206 2698 4251 tamen

642 4310 991 4373 transpositis
1026 4310 1224 4375 spolia
1262 4310 1339 4361 ibi
1377 4310 1604 4361 vocibus
1639 4310 1718 4360 sle
1749 4312 2078 4360 servandum
2117 4306 2408 4360 duximus:
