2824 4890
1971 336 1978 348 “
1999 362 2347 430 cccxxi

130 552 428 634 insignis,
485 567 674 632 quem
730 505 1035 629 singulari
1081 545 1317 626 pietate
1377 544 1457 624 Q.
1503 544 1742 608 Fabius
1782 552 1850 607 et
1890 543 1965 607 Ρ.
2008 543 2345 609 Cornelius

132 692 228 753 lilii
303 667 629 770 prosecuti
687 692 878 747 sunt:
943 683 1110 746 adeo
1173 692 1245 746 ut
1297 671 1580 747 inusitati
1633 681 1889 744 lionoris
1936 683 2343 766 praeeipuam

139 822 514 885 mentionem
559 818 919 899 scriptores
963 815 1178 880 dedita
1218 835 1415 898 opera
1461 816 1753 892 fecerint,
1800 814 2184 879 Plutarchus
2223 820 2342 881 vit.

139 957 320 1020 Aom.
367 972 426 1014 c.
468 950 575 1031 ³9,
622 948 943 1016 Diodorus
964 948 1128 1016 Exc.
1170 967 1232 1028 p.
1270 947 1398 1011 584
1436 965 1562 1030 sq„
1594 946 1901 1029 Polybius
1950 947 2036 1013 fr.
2068 946 2109 1007 l.
2137 964 2346 1029 xxxii,

136 1086 224 1147 14.
321 1084 448 1148 Sat
507 1080 786 1143 usitatus
843 1096 1115 1159 pompae
1170 1076 1454 1141 funebris
1494 1076 1799 1166 splendor
1840 1077 1965 1141 fnit
2010 1085 2078 1140 et
2119 1078 2339 1141 varius

133 1207 579 1290 exsequiarum
620 1212 969 1286 apparatus
1012 1212 1078 1282 et
1116 1203 1551 1269 laudationum
1598 1205 1835 1272 honest
1878 1205 2000 1270 sed
2042 1206 2332 1272 ludorum

135 1341 482 1424 amplitudo
527 1358 716 1424 quam
765 1358 889 1402 non
930 1340 1496 1431 frequens-fucrit,
1537 1343 1726 1423 gravi
1770 1343 2149 1408 documento
2192 1342 2343 1407 dili-

135 1479 554 1559 gentissimus
598 1473 883 1538 ludorum
929 1475 1203 1538 omnium
1248 1484 1575 1540 enarrator
1604 1477 1848 1541 Livius
1913 1495 2063 1539 esse
2105 1482 2345 1559 potest,

135 1607 193 1671 in
251 1609 438 1671 cuins
496 1607 669 1669 libris
724 1623 884 1678 xxv.
944 1605 1068 1668 dno
1125 1614 1367 1671 tantum
1412 1611 1538 1672 nisi
1579 1609 1759 1673 fallor
1815 1609 2175 1674 testimonia
2217 1628 2347 1672 ex·-

130 1751 293 1806 stant
338 1743 423 1806 de
465 1742 836 1805 funebribus
875 1740 1046 1804 ludis
1086 1740 1233 1805 inde
1277 1760 1318 1804 a
1359 1744 1603 1806 saeculi
1647 1764 1714 1825 p.
1754 1763 1813 1806 u.
1857 1761 1915 1805 c.
1957 1743 2129 1805 sexti
2171 1755 2337 1804 anno

146 1849 349 1864 n*

135 1889 336 1937 xxxv.
377 1871 464 1936 ad
505 1892 565 1938 a.
605 1889 906 1948 Lxxxyu.
950 1874 1302 1938 factorumz
1346 1892 1611 1955 quorum
1650 1876 1889 1937 alteros
1930 1875 2023 1938 M.
2062 1871 2339 1935 Aemilio

132 2003 377 2086 bepido
416 2004 581 2067 filios
623 2004 891 2067 Lucium
935 2005 1224 2068 Marcum
1270 2004 1577 2085 Quintum
1622 2006 1887 2070 dedisse
1929 2025 1987 2070 a.
2013 2025 2342 2086 nxxxvur,

140 2137 377 2200 alteros
417 2137 507 2201 M.
553 2137 816 2201 Valerio
860 2139 1153 2203 Laevino
1191 2140 1265 2203 Ρ.
1311 2149 1376 2203 οι
1421 2142 1514 2206 Μ.
1556 2139 1726 2204 filios
1769 2158 1829 2203 a.
1890 2116 2074 2205 ιῑῖιῖ
2115 2141 2340 2224 prodi-

140 2262 232 2327 dit
271 2266 376 2332 lib.
418 2285 610 2347 xxm,
652 2266 741 2329 30
780 2276 1075 2349 etxxxl,
1119 2270 1224 2333 50.
1337 2273 1426 2334 Et
1470 2272 1626 2355 bos,
1690 2274 1836 2337 sive
1889 2263 2132 2356 aliquot
2176 2274 2337 2337 alios

134 2399 380 2464 silentio
435 2403 944 2484 praetermisisse
988 2404 1244 2468 Livium
1310 2405 1479 2469 nullo
1522 2415 1899 2489 argumento
1965 2408 2341 2489 conieceris,

141 2548 261 2613 quo
305 2531 563 2596 tandem
605 2544 985 2616 argumento
1027 2555 1151 2597 nou
1181 2534 1399 2617 ⁴dicam
1446 2537 1735 2619 evinces,
1780 2536 1897 2600 sed
1941 2537 2345 2618 probabiliter

137 2668 555 2749 persuadebis
609 2672 910 2735 scenicos
968 2666 1224 2735 fuisse?
1284 2686 1429 2735 cum
1486 2670 1547 2733 in
1605 2670 1732 2733 hoc
1784 2687 2042 2751 quoque
2098 2686 2340 2752 genere

135 2808 257 2863 tam
322 2799 590 2862 mirifica
650 2801 814 2863 illius
879 2799 1212 2886 diligentia
1268 2800 1550 2864 extiterit
1602 2809 1709 2882 ut,
1771 2798 2083 2883 siquando
2146 2799 2339 2862 etiam

136 2934 375 2996 scenici
419 2935 525 2996 vel
571 2932 847 2997 Romani
888 2932 1014 2996 ludi
1057 2936 1163 2997 vel
1200 2934 1621 3017 Megalenses
1651 2932 1757 2999 vel
1793 2933 1898 2995 alii
1933 2928 2339 3011 fuissent,1id

136 3067 391 3129 curiosa
430 3063 558 3129 fide
598 3073 953 3129 annotaret.
1001 3067 1087 3128 Et
1129 3066 1191 3126 in
1240 3063 1471 3146 Lepidi
1514 3072 1708 3147 atque
1739 3064 2012 3126 Laevini
2053 3063 2215 3125 ludis
2258 3080 2341 3125 ea

140 3194 218 3260 de
240 3218 314 3260 re
338 3198 599 3261 Livium
627 3199 966 3261 taciturum
991 3196 1193 3260 fuisse
1221 3196 1348 3260 hoc
1369 3197 1575 3260 minus
1602 3196 1900 3260 credibile
1927 3203 2050 3273 est,
2075 3192 2244 3278 quod
2269 3198 2338 3256 in

138 3336 423 3417 utrisque
464 3338 603 3397 dati
632 3337 1004 3414 gladiatorii
1041 3338 1326 3396 muneris
1351 3333 1742 3396 ‘nominatim
1789 3332 2170 3395 mentionem
2231 3329 2341 3391 fe-

108 3469 234 3533 ,οίι
321 3467 434 3530 Ex
475 3466 575 3530 his
617 3467 809 3547 igitur
856 3483 981 3528 non
1021 3468 1239 3546 inepte
1279 3462 1495 3544 colligi
1536 3460 1815 3543 videtur,
1855 3460 2178 3541 aliquanto
2217 3476 2343 3540 po·-

131 3602 468 3690 steriorem
513 3608 792 3675 aetatem
838 3598 1089 3663 demum
1134 3598 1433 3661 scenicos
1472 3596 1657 3661 ludos
1685 3597 1874 3659 etiam
1907 3595 1986 3659 ad
2027 3595 2343 3677 privatam

126 3732 638 3796 munificentiam
665 3732 912 3795 ascitos
957 3730 1219 3796 vidisse.
1263 3731 1425 3793 'l'am
1474 3738 1689 3793 autem
1736 3729 2019 3792 incertus
2054 3746 2198 3792 cum
2235 3731 2345 3792 lu-

138 3861 356 3926 dorum
407 3861 758 3927 funebrium
800 3866 865 3924 in
910 3862 1241 3925 tractanda
1279 3836 1356 3924 re
1394 3866 1657 3927 scenica
1701 3860 2130 3926 Romanorum
2189 3876 2346 3921 usus

131 4000 532 4080 apparuerit,
574 3996 748 4060 haud
792 3999 935 4059 scio
980 4014 1063 4058 an
1107 3996 1273 4057 alius
1301 3995 1625 4058 cniusdam
1657 3992 2161 4057 ratiocinationis
2182 4008 2347 4055 suae

130 4130 421 4197 Meierus
465 4150 590 4194 non
639 4132 901 4195 nimium
946 4141 1139 4195 tenax
1181 4131 1436 4194 futurus
1476 4128 1604 4191 sit:
1651 4125 1817 4206 quali
1862 4133 2097 4187 memet
2139 4125 2346 4190 fateor

133 4279 205 4325 ne
245 4281 520 4328 usurum
561 4263 820 4347 quidem
864 4264 1101 4328 fuisse:
1150 4262 1440 4326 nimirum
1484 4266 1933 4342 argumentum
1974 4257 2233 4347 fabulae
2255 4258 2344 4323 ad
