2824 4890
431 357 783 424 CLXXIV

687 544 851 606 Huic
891 538 1024 604 filia
1070 539 1214 604 olim
1262 539 1448 623 uirgo
1494 542 1678 623 periit
1720 542 2012 624 pat-nola:

425 678 690 740 Poeuuli
731 688 943 741 autem
987 699 1034 759 1,
1079 679 1149 759 2,
1198 678 1318 742 183
1359 687 1477 741 aut
1520 679 1925 742 inserendum
1974 687 2106 743 este

677 799 788 872 ‘Vt
832 819 895 872 tu
941 809 1086 874 huic
1128 819 1238 874 aut
1279 808 1439 873 irata
1483 831 1562 873 ne
1605 813 1740 891 sis,
1786 806 1898 873 anit
1915 813 1996 872 »si
2041 810 2103 872 id
2149 809 2282 873 fleri
2333 810 2461 873 non
2509 833 2641 894 po-

1767 949 1898 1003 test
1943 962 2059 1004 ——t

425 1068 545 1136 nisi
592 1069 791 1131 males
837 1067 1014 1131 Hm'o
1054 1074 1154 1130 uti
1191 1075 1265 1131 tu
1305 1067 1478 1131 inita
1526 1071 1633 1131 vel
1692 1070 1971 1142 fortasse
2029 1073 2385 1153 simplicius
2444 1081 2643 1143 etiam

425 1187 544 1264 'Vt
584 1207 717 1263 tute
755 1201 906 1261 lanio
947 1199 1119 1261 r'rdta
1165 1231 1275 1263 —.

597 1347 699 1410 Ad
741 1345 1130 1429 syllabas
1174 1346 1632 1409 vocabulorum
1681 1348 1972 1412 finales
2013 1349 2230 1431 redeo,
2270 1352 2388 1416 sed
2437 1373 2639 1418 con-

424 1483 920 1548 sonantibus
982 1481 1521 1547 terminatas:
1585 1482 1644 1543 in
1705 1483 1939 1565 quibus
2002 1488 2154 1548 item
2213 1495 2398 1567 suut,
2467 1508 2645 1571 quae

427 1633 575 1678 cum
621 1635 659 1678 a
704 1615 1011 1698 principio
1053 1615 1302 1695 longam
1349 1616 1644 1676 vocalem
1691 1614 2087 1697 habuissent,
2137 1619 2461 1699 paullatim
2497 1624 2644 1683 ele-

426 1759 620 1811 vatae
662 1756 813 1809 sunt
853 1746 1313 1828 pronuntiando
1356 1755 1423 1810 et
1451 1746 1533 1809 ad
1568 1746 1950 1811 brevitatem
1982 1746 2351 1831 depressae.
2401 1752 2640 1817 Ordior

424 1899 466 1943 a
510 1879 859 1944 bacchiaco
903 1897 1100 1941 versu
1144 1879 1493 1942 Trinummi
1536 1880 1692 1943 2²6:

677 2024 999 2110 Magister
1042 2030 1191 2092 mibi
1233 2027 1591 2093 exereito'r
1630 2029 1881 2093 animus
1927 2027 2098 2094 nunc
2141 2041 2261 2094 est.

430 2174 601 2236 Nam
655 2192 780 2239 nec
835 2175 1246 2241 dubitandum
1306 2176 1387 2239 de
1446 2178 1678 2242 talibus
1741 2190 1806 2243 et
1863 2200 2022 2243 vero
2082 2181 2180 2243 sic
2224 2185 2646 2249 statuendum

428 2320 565 2393 est,
631 2319 697 2376 ut
753 2332 868 2394 per
932 2322 1151 2376 ternas
1212 2322 1515 2395 tauquam
1573 2317 2031 2380 successiones
2090 2338 2173 2380 ex
2218 2319 2531 2401 producta
2569 2343 2646 2384 oe

427 2443 681 2527 syllaba
724 2442 905 2507 lieret
948 2442 1324 2527 productum
1368 2467 1443 2508 or
1485 2455 1551 2509 et
1598 2467 1681 2509 ex
1735 2449 1862 2511 hoc
1916 2447 2166 2512 demum
2224 2451 2406 2532 illud,
2466 2453 2640 2533 quod

428 2584 803 2666 posterioris
846 2583 1079 2647 aetatis
1122 2581 1525 2645 consuetudo
1561 2583 1878 2665 probavit,
1920 2583 2012 2646 δν.
2057 2585 2227 2647 Nam
2261 2585 2343 2647 ab
2388 2593 2466 2646 δε
2504 2595 2649 2648 ter-

429 2717 775 2779 minatione
816 2714 1041 2777 horum
1090 2714 1410 2777 nominum
1458 2713 1897 2777 formationem
1944 2717 2218 2780 omnium
2278 2721 2638 2800 profectam

427 2863 603 2926 esse,
646 2847 874 2910 relicta
916 2847 977 2908 iu
1022 2848 1198 2925 lepos
1256 2848 1460 2909 honos
1515 2848 1694 2909 labos
1736 2852 1912 2911 colos
1954 2852 2195 2913 clamos
2237 2857 2390 2914 odos
2431 2873 2644 2931 napos

423 2970 693 3061 (amos)
737 2982 971 3039 inuitos
1017 2978 1410 3060 antiquitatis
1453 2980 1737 3063 vestigia
1770 2980 1935 3043 satis
1962 2981 2435 3048 demonstrant:
2485 3004 2645 3065 per-

426 3108 702 3173 suadent
731 3121 1066 3191 praeterea
1090 3113 1563 3196 monosyllaba,
1599 3132 1766 3196 quae
1787 3134 1862 3176 or
1889 3133 2205 3197 nunquam
2239 3121 2647 3201 asciverunt,

427 3267 567 3310 mos
600 3253 726 3330 flos
762 3251 908 3327 910⁸
949 3270 1059 3311 ros
1101 3258 1167 3311 et
1210 3271 1301 3316 os.
1405 3250 1554 3311 Nec
1610 3267 1649 3310 a
1707 3251 2163 3330 comparativis
2206 3251 2372 3313 illam
2418 3254 2653 3314 termi-

425 3384 746 3448 nationem
803 3383 1072 3448 alienam
1133 3383 1382 3466 fuisse,
1442 3383 1662 3446 talium
1724 3384 2115 3464 comparatio
2173 3382 2360 3449 docet
2422 3387 2647 3467 qualia

429 3515 642 3578 Varro
700 3526 766 3578 et
818 3517 1061 3580 Festus
1126 3524 1443 3579 testantur
1494 3519 1840 3579 maioeihus
1894 3518 2259 3579 meliosibm
2315 3518 2607 3579 arboren
2630 3540 2657 3578 .-

426 3645 683 3731 quando
738 3643 963 3707 eodem
1020 3645 1357 3707 societatis
1408 3646 1711 3728 vinculo,
1771 3665 1899 3730 quo
1961 3649 2250 3709 arborem
2305 3656 2372 3709 et
2424 3649 2646 3727 arbos,

437 3780 746 3845 contineri
798 3779 987 3841 etiam
1045 3781 1390 3840 maios-ibus
1450 3787 1515 3842 et
1566 3783 1770 3840 maios
1823 3788 2324 3842 consentaneum
2371 3785 2497 3841 est.
2588 3779 2646 3839 Ε

429 3916 745 4001 producto
786 3920 998 3977 autem
1060 3913 1348 3997 genitivo
1393 3914 1526 3975 bris
1569 3910 1650 3974 de
1706 3919 1782 3974 ὃν
1835 3911 2224 3974 nominativo
2282 3913 2431 3973 item
2490 3930 2655 3992 pro·

427 4047 620 4113 ducto
670 4066 748 4109 eo
794 4044 1175 4127 probabilior
1219 4045 1590 4106 coniectura
1635 4040 1742 4123 fit,
1796 4040 1966 4123 quod
2026 4042 2285 4126 longam
2344 4042 2648 4107 vocalem

429 4186 533 4247 vel
580 4201 797 4245 eorum
842 4178 1272 4243 nominativus
1317 4174 1898 4257 monosyllaborum
1931 4176 2245 4255 servavit,
2292 4194 2461 4256 quae
2489 4195 2650 4237 cor-

428 4325 675 4397 reptum
721 4315 952 4379 babent
994 4313 1351 4397 genitivum
1399 4320 1469 4373 ut
1512 4311 1615 4372 lar
1641 4317 1707 4373 et
1724 4328 1867 4389 par.
1956 4281 2182 4391 ltaque
2224 4329 2348 4372 uon
2391 4317 2655 4373 tantum
