2824 4890
2215 365 2409 432 XLV

242 548 592 613 condicionis
637 552 791 615 liber
835 552 894 615 Ο
928 563 1176 634 servat,
1223 555 1369 617 item
1417 554 1498 617 ab
1543 555 1730 618 EFZ
1772 554 2039 619 absuntz
2084 553 2191 617 vel
2233 550 2401 635 quod

236 684 361 761 eius
385 690 712 759 egestatem
757 685 819 745 in
861 686 1023 749 solis
1065 688 1320 750 DEFZ
1364 688 1795 769 transponitur
1835 708 1899 750 v.
1940 685 2067 749 338
2085 728 2109 768 ‚
2164 704 2404 748 eorun-

231 812 475 895 demque
538 821 894 879 communis
959 827 1058 881 est
1123 839 1185 882 v.
1228 822 1346 882 411
1416 825 1680 903 eoeimiis
1732 818 2107 902 corruptela.
2208 817 2399 901 Quid,

226 943 376 1023 quod
435 950 528 1009 eis
587 949 745 1010 locis
768 992 791 1031 ,
854 951 957 1032 qui
1016 952 1478 1014 correctionem
1546 953 1876 1016 secundae
1936 968 2164 1015 manus
2220 952 2281 1011 in
2335 953 2400 1013 D

222 1082 383 1157 passi
421 1087 591 1162 sunt,
637 1100 764 1143 non
805 1099 948 1143 raro
995 1083 1055 1143 in
1099 1090 1343 1164 partem
1387 1084 1785 1147 noviciorum
1829 1083 2126 1147 librorum
2154 1086 2398 1164 primae

218 1229 415 1273 manus
455 1213 778 1294 scriptura
824 1215 1115 1295 transiit,
1146 1215 1470 1279 secundae
1513 1218 1573 1279 in
1616 1218 1880 1280 alteram
1911 1210 2209 1297 partem?
2252 1215 2399 1278 Ve-

217 1342 290 1403 lut
333 1360 466 1405 eum
513 1363 577 1405 v.
626 1345 774 1408 410.
814 1344 934 1407 851
995 1349 1237 1429 obicias
1280 1356 1345 1409 et
1399 1334 1605 1427 tetigit
1646 1348 1715 1410 F
1763 1350 2022 1412 exhibet
2076 1368 2218 1412 cum
2264 1353 2393 1427 Da,

221 1482 277 1535 tu
312 1479 549 1558 obicias
581 1486 650 1538 et
690 1439 847 1556 cepit
884 1498 923 1540 e
963 1480 1067 1543 Db
1112 1480 1338 1559 reliqui
1399 1491 1859 1561 susceperunt,
1937 1484 2043 1544 vel
2085 1502 2146 1546 v.
2191 1480 2318 1544 347
2358 1500 2398 1546 e

222 1608 306 1667 Da
343 1609 657 1691 habemus
685 1612 751 1670 in
794 1609 948 1683 ΕΖ,
1018 1610 1373 1688 habeamus
1418 1614 1482 1671 in
1529 1612 1597 1671 E
1641 1614 1922 1674 manavit
1968 1632 2006 1673 e
2047 1615 2182 1689 Db,
2244 1616 2394 1678 item

210 1754 263 1795 v.
295 1738 413 1801 837
455 1759 655 1802 ruere
700 1757 738 1800 e
779 1740 881 1801 Db
919 1742 984 1801 in
1027 1740 1086 1800 Z
1129 1745 1190 1802 et
1227 1739 1299 1800 Ε
1336 1759 1498 1817 my„
1554 1743 1868 1819 frangere
1907 1760 1946 1803 e
1986 1744 2094 1805 Da
2135 1742 2198 1803 in
2240 1743 2388 1806 ΕΕ.

205 1867 565 1953 Quanquam
631 1871 1002 1953 plerumque
1058 1890 1215 1935 sane
1271 1874 1337 1933 in
1394 1872 1586 1934 ΕΓΖ
1648 1872 1897 1936 transiit
1949 1873 2117 1955 quod
2170 1876 2232 1936 in
2284 1878 2387 1938 Db

199 2014 388 2082 esset,
454 2023 589 2068 non
648 2003 817 2087 quod
873 2007 938 2066 in
993 2007 1130 2077 Da,
1206 2013 1275 2066 ut
1326 2022 1389 2063 V.
1430 2004 1574 2067 286.
1615 2005 1759 2068 288.
1800 2004 1946 2069 321.
1989 2006 2132 2071 665.
2181 2006 2387 2071 1083:

198 2151 363 2214 quam
406 2141 728 2201 rationem
773 2138 1059 2201 obtinere
1104 2144 1449 2218 memento,
1496 2137 1852 2219 ubicunque
1873 2138 2042 2200 nulla
2064 2140 2167 2200 Db
2200 2156 2386 2201 men-

197 2271 349 2332 tione
402 2271 591 2332 faeta
635 2288 674 2330 e
716 2269 862 2332 solo
905 2271 1015 2331 Du
1056 2268 1428 2349 discrepans
1481 2269 1795 2350 scriptura
1854 2269 1915 2330 in
1974 2270 2384 2334 annotatione

192 2399 474 2487 affertur,
549 2410 620 2464 ut
668 2422 731 2464 v.
772 2402 914 2466 266.
960 2402 1100 2467 278.
1186 2403 1355 2465 Hinc
1398 2411 1613 2467 autem
1661 2404 2034 2485 intelligitur
2090 2403 2213 2465 iam
2259 2400 2385 2465 ha-

194 2533 392 2601 buisse
432 2538 498 2601 V
500 2536 851 2599 rsinianum
895 2535 1223 2599 secundae
1278 2556 1501 2600 manus
1562 2546 1962 2601 correcturas
2015 2536 2198 2619 illas,
2254 2554 2382 2618 quo

190 2677 452 2752 tempore
494 2671 651 2732 fons
694 2670 940 2731 exstitit
980 2671 1376 2732 noviciorum
1426 2669 1739 2736 codicum.

335 2821 598 2884 Nicolai
641 2829 854 2884 autem
902 2823 1147 2884 Treviri
1190 2821 1396 2884 codex
1453 2823 1640 2885 simul
1685 2832 1880 2904 atque
1921 2823 2191 2888 Romam
2253 2823 2378 2887 ad-

188 2961 397 3015 vectus
440 2963 591 3030 est,
652 2955 801 3018 ilico
849 2954 931 3018 de
987 2954 1284 3036 parandis
1337 2953 1726 3036 apographis
1770 2953 2039 3036 cogitari
2081 2959 2378 3032 coeptum

187 3101 319 3148 esse
376 3098 444 3151 et
503 3104 616 3149 res
673 3090 817 3167 ipsa
870 3087 1025 3149 facit
1072 3096 1141 3149 ut
1195 3087 1531 3151 credamus
1588 3097 1655 3150 et
1707 3088 2083 3170 plenissime
2140 3088 2381 3150 Poectt

184 3218 485 3294 epistulae
537 3223 873 3281 testantur.
923 3217 1110 3295 Quod
1152 3216 1401 3299 quidem
1447 3219 1775 3281 consilium
1817 3218 2130 3299 duplicem
2163 3235 2372 3279 even-

182 3353 297 3411 tum
352 3349 595 3413 habuit.
683 3352 813 3413 Aut
871 3352 1034 3411 enim
1089 3349 1509 3432 archetypum
1573 3349 1932 3431 exemplum
1993 3350 2159 3412 omni
2213 3331 2372 3413 reli-

177 3485 354 3566 gione
404 3488 784 3568 simpliciter
835 3488 1444 3570 transscribebatur,
1514 3497 1624 3550 aut
1681 3489 1985 3550 correctis
2043 3506 2156 3570 pro
2211 3486 2373 3549 virili

180 3629 347 3697 parte
393 3621 958 3684 innumerabilibus
998 3623 1353 3702 scripturae
1397 3621 1573 3682 vitiis
1620 3630 1684 3683 et
1725 3622 2100 3703 corruptelis
2137 3641 2373 3684 novum

180 3768 378 3832 genus
419 3756 716 3817 librorum
762 3755 1027 3836 peperit.
1110 3753 1196 3815 Et
1239 3754 1425 3816 liuius
1467 3753 1718 3836 quidem
1760 3758 2015 3838 generis
2053 3775 2165 3836 per
2193 3756 2372 3818 litte-

179 3894 348 3948 ratae
403 3890 707 3969 Europae
767 3897 975 3950 terras
1018 3886 1278 3949 codices
1318 3887 1508 3950 hodie
1551 3897 1810 3950 exstant
1851 3888 2099 3968 plurimi
2123 3928 2144 3966 ,
2205 3903 2369 3966 pau-

177 4020 373 4083 ciores
427 4023 654 4103 prioris
705 4030 771 4083 et
815 4020 985 4103 quod
1043 4022 1244 4082 sciam
1292 4020 1542 4083 Ronaae
1588 4030 1831 4082 tantum
1876 4028 1942 4081 et
1988 4020 2369 4082 Florentiae.

177 4152 494 4217 Pertinent
557 4156 685 4217 hnc
744 4163 811 4217 et
854 4155 919 4218 G
961 4164 1025 4218 et
1091 4158 1352 4237 propius
1417 4154 1606 4215 etiam
1670 4152 1750 4215 ad
1802 4155 1867 4215 D
1925 4153 2248 4217 accedens
2289 4157 2361 4234 0,

178 4288 276 4366 qui
314 4300 419 4353 est
460 4292 830 4356 nitidissime
856 4293 917 4356 in
945 4293 1381 4375 pulcherrimis
1407 4290 1792 4356 membranis
1824 4292 2105 4374 scriptus
2153 4293 2208 4356 1.
2226 4312 2262 4356 a
2283 4313 2374 4356 u--
