2824 4890
2050 353 2338 420 CCXXI

125 540 262 603 Sed
328 535 501 619 quod
567 534 857 597 iambicis
916 532 1190 594 vocibus
1235 532 1432 606 licuit,
1477 543 1546 595 ut
1593 497 1667 593 in-
1711 533 2063 597 secundum
2113 536 2338 616 pedem

122 673 458 745 intrarent,
522 666 663 727 eius
726 663 977 744 quidem
1046 663 1343 725 licentiae
1409 674 1520 726 aut
1564 683 1879 748 nunquam
1922 675 2032 727 aut
2079 687 2336 747 perraro

123 798 643 881 spondiacae
705 804 904 875 atque
969 796 1584 873 aniapaesticao
1639 795 1980 875 participes
2062 798 2333 861 suerunt.

121 934 332 995 Etiam
399 930 588 1011 aliam
630 926 711 987 ob
752 941 1049 986 caussam
1082 925 1256 984 Trin.
1297 922 1426 984 594
1469 924 1677 1003 paullo
1719 935 1870 985 aute
1929 929 2336 994 removimus.

119 1066 221 1126 De
264 1058 791 1140 transpositionis
861 1056 1252 1116 necessitate
1319 1074 1507 1118 nemo
1574 1055 1819 1117 dubitat
1879 1077 1935 1122 e.
1980 1076 2035 1121 o.
2084 1079 2148 1122 v.
2188 1061 2334 1122 451.

120 1194 246 1254 458
290 1189 398 1251 vel
434 1187 670 1251 Bacch
713 1184 841 1246 213
880 1186 1000 1248 u:

289 1312 582 1380 mearum
633 1316 847 1377 reru'm
896 1335 998 1378 me
1043 1314 1307 1378 uouisse
1349 1329 1687 1401 aequomst
1729 1318 2032 1383 ordinem.

291 1449 436 1509 Nisi
483 1443 631 1527 qul'd
685 1465 787 1507 me
828 1445 995 1506 aliu't
1034 1447 1158 1527 uis,
1208 1442 1444 1527 Philto,
1486 1446 1790 1529 respondi
1829 1452 1958 1512 tibi.

292 1576 460 1654 Quin
504 1570 573 1635 ui
613 1573 890 1651 pn’mu'm
932 1568 1207 1634 saltitem
1252 1573 1466 1635 reddis
1514 1573 1701 1653 quam
1745 1576 1910 1641 dedi.

119 1705 438 1786 Qualibus
483 1701 755 1763 sublatis
798 1703 1252 1780 anapaesticae
1294 1704 1478 1763 vocis
1524 1704 1584 1763 iu
1620 1703 2138 1776 duabusffi'abulis
2179 1711 2323 1773 sin·-

116 1837 345 1919 gnlare
389 1834 756 1912 exemplum
799 1839 1001 1892 restat
1045 1832 1281 1892 Bacch.
1326 1833 1498 1913 4862,

361 1967 529 2027 ‘l'um
570 1960 760 2045 quom
804 1958 1008 2023 ηἰΙιόΙό
1049 1962 1193 2041 plus
1273 2003 1291 2022 .
1383 2006 1397 2021 .
1481 2013 1496 2027 .
1583 2008 1600 2025 .
1704 2011 1719 2029 .
1807 2012 1823 2028 .
1906 2017 1924 2034 ,
2009 1991 2025 2030 :

248 2275 439 2326 pone,
489 2262 718 2322 quando
772 2264 915 2310 sunt.
1010 2261 1087 2309 De
1134 2262 1380 2323 qualibus
1434 2278 1573 2327 quae
1620 2269 2059 2337 praecipiuntur,
2108 2282 2203 2327 aut
2249 2282 2317 2329 ad

248 2364 442 2424 scripti
486 2368 694 2413 tantum
750 2370 1006 2415 accentus
1059 2373 1524 2424 supervacaneum
1572 2368 1854 2419 artificium
1916 2379 2167 2433 spectant
2223 2381 2322 2426 aut

252 2479 483 2527 prorsus
517 2465 714 2515 ficticia
751 2473 894 2515 sunt.
986 2467 1322 2531 Omninoque
1364 2470 1412 2515 si
1461 2470 1582 2530 quid
1618 2484 1685 2519 ex
1722 2471 1819 2533 eis,
1855 2475 1993 2534 quae
2029 2477 2093 2525 de
2124 2488 2322 2525 acceu-

249 2574 404 2616 tuum
441 2567 692 2614 doctriua
734 2572 947 2615 veteres
986 2570 1303 2631 prodidere,
1339 2570 1573 2631 aliquam
1628 2572 1783 2621 hodie
1822 2574 2107 2626 utilitatem
2146 2580 2322 2644 habet,

249 2666 300 2715 id
342 2669 413 2715 ad
451 2669 719 2717 vocalium
758 2670 937 2730 potius
974 2669 1204 2717 indolem
1244 2668 1332 2718 vel
1360 2677 1557 2717 natura
1591 2670 1874 2734 longarum
1915 2677 2004 2725 vel
2048 2677 2322 2738 positione

249 2770 464 2816 demum
503 2770 888 2829 producturum
926 2768 1160 2828 pertinet
1191 2769 1259 2816 ad
1296 2768 1548 2831 acutique
1581 2776 1635 2817 et
1672 2770 2000 2823 circumflexi
2039 2776 2321 2829 discrimen

243 2866 404 2915 illinc
421 2872 624 2929 aptum,
658 2879 817 2928 quam
855 2869 921 2915 ad
957 2868 1301 2927 syllabarum
1335 2877 1558 2919 accentu
1593 2878 1690 2921 aut
1725 2876 2081 2934 praeditarum
2104 2884 2201 2930 aut
2219 2893 2318 2933 ca-

251 2963 489 3010 rentium
529 2962 918 3011 diversitatem.
988 2965 1069 3011 Ad
1110 2977 1361 3013 versuum
1400 2975 1575 3014 autem
1619 2967 1982 3020 faciendorum
2019 2982 2187 3025 artem
2223 2992 2322 3028 so-

247 3059 362 3109 lum
398 3062 499 3108 lioc
536 3061 730 3120 valuit,
768 3061 972 3110 nullius
1009 3075 1234 3123 prorsus
1271 3066 1522 3114 momenti
1558 3066 1693 3116 illud
1729 3077 1829 3119 est.

146 3148 215 3210 *)
254 3138 314 3199 ln
354 3151 527 3199 Milite
563 3163 770 3214 quoque
807 3156 863 3200 et
895 3152 1179 3216 singulare
1214 3163 1300 3205 est
1335 3164 1390 3206 et
1425 3159 1718 3209 certissime
1738 3163 1988 3213 vitiosum
2024 3168 2320 3229 exemplum

249 3255 315 3301 u,
349 3245 407 3303 6,
444 3244 551 3290 ὅθι
609 3241 890 3293 Meruisse
928 3242 1186 3305 equidem
1222 3260 1309 3297 me
1345 3248 1681 3301 mcioeumum
1719 3251 1918 3316 fateor
1954 3259 2191 3320 malum,
2230 3259 2321 3309 ubi

244 3341 538 3393 Meruisse
571 3358 661 3393 me
694 3344 948 3406 equidem
994 3347 1114 3396 sine
1152 3349 1269 3397 ulla
1305 3363 1455 3399 mora
1505 3356 1975 3415 transponendum.
2064 3357 2315 3408 Ceterum

239 3445 574 3507 simplicibus
617 3446 921 3506 spondiacis
973 3460 1075 3497 sua
1122 3456 1315 3508 sponte
1370 3448 1693 3510 iutelligit-ur
1748 3463 1854 3499 uon
1906 3453 2186 3516 suaviora,
2221 3458 2317 3505 sed

243 3548 418 3611 longe
432 3547 593 3597 etiam
610 3548 890 3609 asperiora
906 3562 1025 3599 esse
1062 3549 1115 3598 iu
1135 3551 1428 3611 spondeum
1465 3550 1764 3601 desinentia
1796 3553 2047 3618 longiora
2080 3559 2320 3610 vocabu-

246 3648 336 3696 la:
377 3648 427 3695 iu
465 3658 569 3707 quo
605 3659 801 3708 genere
841 3649 1099 3697 vastitate
1133 3662 1235 3697 sua
1270 3649 1479 3712 insigne
1516 3657 1597 3699 est
1632 3652 1754 3704 Mn.
1790 3667 1828 3716 ι,
1868 3656 1916 3716 1,
1950 3657 2056 3709 54:
2100 3658 2177 3713 At
2207 3659 2319 3724 ρέ-

245 3742 507 3806 ditatis,
544 3749 686 3808 quod
723 3761 788 3796 ne
826 3749 1044 3798 codices
1080 3750 1283 3811 quidem
1322 3756 1633 3801 tuentur.·-
1670 3754 1803 3802 Dum
1842 3754 1893 3803 ln
1931 3768 1999 3806 eo
2038 3771 2156 3825 sum
2193 3766 2251 3809 ut
2286 3773 2320 3810 a

243 3848 571 3911 typothetae
605 3848 887 3898 erroribus
924 3849 1022 3897 lias
1059 3852 1307 3913 pagellas
1341 3865 1592 3918 purgem,
1642 3869 1770 3906 sero
1805 3858 2183 3909 animadverto
2220 3861 2319 3908 im-

239 3951 544 4010 prudenter
577 3949 1011 4011 praetermissum
1047 3954 1380 4014 anapaestici
1418 3960 1715 4020 exemplum
1751 3960 1903 4008 Trin.
1951 3961 2097 4011 39⁷2
2135 3958 2320 4007 Miser

241 4047 327 4098 έω
359 4051 557 4100 animo
590 4050 680 4114 fit,
727 4048 955 4115 scit-tius
988 4053 1170 4103 nihilo
1203 4056 1373 4125 facit.
1466 4058 1621 4122 Quod
1658 4070 1957 4120 quanquam
2011 4059 2317 4110 consultius

239 4152 374 4200 duxi
410 4152 622 4202 interim
657 4167 887 4204 servare
908 4190 925 4218 ,
977 4164 1150 4207 tamen
1207 4161 1384 4209 fateor
1439 4171 1504 4208 eo
1538 4160 1659 4208 mihi
1699 4160 2012 4220 suspectius
2045 4170 2170 4208 esse
2205 4172 2315 4221 quo

243 4251 461 4303 facilius
495 4265 531 4302 a
565 4258 730 4315 poeta
762 4255 923 4305 scribi
961 4257 1131 4319 potuit
1164 4257 1265 4307 Fit
1298 4254 1479 4307 miser
1509 4269 1585 4307 em
1618 4255 1832 4306 animo.
