2824 4890
2212 341 2372 405 ΧΧΙ

168 519 371 598 Quod
429 531 501 584 ut
552 519 838 584 eliciatur
893 537 1163 602 reapse,
1221 537 1453 602 magna
1514 518 1841 601 prudentia
1897 513 2058 603 opus
2100 531 2206 585 est
2244 540 2374 604 qua

166 655 446 719 mediam
508 657 678 720 viam
738 657 1052 739 quandam
1116 658 1490 719 insistentes
1531 672 1652 717 nec
1698 653 1949 717 nimium
1994 672 2373 737 quaeramus

164 789 228 851 in
274 789 506 850 naevis
563 789 703 850 solo
765 804 918 851 casu
973 788 1128 850 ortis
1167 788 1579 869 quantumvis
1622 787 1795 849 miris
1838 795 1902 849 et
1942 804 2143 867 saepe
2185 806 2378 850 mon--

166 918 438 998 strosis,
482 934 607 980 nec
650 926 717 980 ut
759 936 971 1001 nugas
1012 919 1333 1000 tricasque
1376 921 1671 1001 quamvis
1714 917 2081 983 levidenses
2124 919 2374 981 littera-

163 1068 309 1111 rum
338 1049 806 1129 discrepantias
837 1049 1239 1132 negligamus
1267 1051 1471 1131 ipsius
1501 1068 1726 1115 manus
1749 1049 2084 1113 Plautinae
2113 1047 2372 1115 indices.

167 1181 388 1244 Tanta
415 1191 517 1243 est
549 1189 761 1247 autem
795 1198 938 1243 mea
974 1182 1288 1245 sententia
1327 1182 1575 1245 iamiam
1620 1182 1874 1245 adultae
1917 1182 2074 1244 artis
2116 1182 2374 1246 criticae

166 1312 280 1379 vis
324 1317 391 1372 et
434 1309 634 1390 fides»,
695 1318 766 1372 ut
809 1330 931 1372 non
974 1313 1164 1372 nimis
1205 1310 1490 1375 diffidam
1536 1312 1725 1374 etiam
1772 1331 1810 1372 c
1854 1312 2372 1393 corruptissimis,

163 1442 229 1505 si
275 1441 478 1503 minus
519 1442 839 1522 Plautina,
883 1448 950 1503 at
990 1460 1115 1503 non
1160 1440 1421 1526 indigua
1466 1441 1692 1504 Plauto
1736 1449 1930 1523 atque
1968 1441 2130 1504 adeo
2173 1441 2372 1509 Plau-.-

167 1583 444 1645 tinorum
500 1581 817 1644 simillima
874 1582 1005 1645 erui
1074 1598 1272 1661 posse
1290 1625 1310 1661 ,
1378 1580 1566 1645 modo
1628 1591 1921 1663 quattuor
1977 1582 2372 1662 potissimum

163 1733 382 1777 rerum
439 1713 810 1775 observatio
867 1711 1138 1775 accedat
1199 1713 1526 1777 acerrima,
1638 1715 1809 1778 Sunt
1851 1722 2229 1777 autemreae
2257 1717 2372 1777 iu-

164 1849 443 1930 tegritas
484 1849 742 1930 linguae
784 1847 1049 1927 latinae,
1095 1849 1487 1912 concinnitas
1533 1868 1972 1930 numerorum,
2016 1850 2375 1914 sententiae

161 1982 444 2063 sanitas,
489 1980 889 2044 consuetudo
932 1983 1242 2055 Plautina.
1330 1968 1615 2059 Quorum
1655 2000 1961 2063 generum
2000 1981 2232 2053 nullum
2274 1991 2377 2060 est

162 2114 326 2196 quin
380 2116 445 2174 in
503 2135 580 2177 eo
638 2114 828 2176 nimia
870 2113 1179 2177 editorum
1229 2116 1532 2196 patientia
1584 2124 1916 2194 peccatum
1962 2115 2048 2175 sit
2090 2113 2374 2177 multifa-

159 2250 349 2311 riam.
464 2246 553 2307 Et
613 2244 1095 2309 consuetudinis
1155 2245 1452 2327 quidem,
1519 2264 1644 2308 non
1700 2245 2039 2327 eloquendi
2100 2255 2374 2328 tantum,

159 2398 396 2442 verum
436 2378 624 2439 ctiam
669 2375 979 2439 sentiendi
1025 2376 1497 2460 cogitandique,
1543 2386 1719 2438 tanto
1747 2380 2015 2458 gravius
2046 2377 2110 2436 in
2151 2395 2374 2439 emen-

160 2512 433 2577 datione
477 2520 743 2592 apparct
784 2511 1033 2591 pondus
1073 2526 1247 2591 esse,
1291 2518 1528 2591 quanto
1573 2508 1764 2570 latius
1799 2507 2181 2569 observandi
2217 2526 2373 2590 spa-

158 2646 331 2712 tium
376 2641 926 2724 pernoscendique
967 2643 1213 2721 copiam
1262 2638 1612 2704 uberiorem
1657 2635 1987 2717 scriptoris
2031 2635 2376 2717 amplitudo

154 2773 536 2861 praebet*).
590 2775 815 2854 ltaque
857 2790 1004 2834 cum
1049 2772 1107 2833 in
1154 2769 1507 2852 praecipuis
1550 2770 1889 2831 virtutibus
1936 2769 2143 2832 Plauti
2181 2789 2376 2852 prae-

195 3109 270 3173 *)
309 3108 371 3156 In
410 3119 476 3156 eo
526 3119 725 3170 genere
771 3119 876 3155 non
923 3107 1057 3156 satis
1107 3110 1342 3168 prudens
1390 3122 1471 3158 me
1521 3108 1692 3159 iudice
1740 3111 2056 3160 Theodorus
2105 3110 2371 3174 Bergkius

310 3201 438 3263 tuit,
474 3202 646 3262 cuius,
682 3202 805 3250 dum
842 3201 973 3251 haec
1008 3201 1273 3262 praefatio
1312 3201 1463 3261 prelo
1499 3201 1799 3263 subiicitur,
1833 3213 2064 3250 censura
2083 3202 2380 3253 Trinummi

310 3292 487 3342 nostri
540 3292 765 3341 affertur
823 3293 999 3340 bonae
1046 3293 1218 3355 frugis
1266 3293 1440 3353 plena.
1529 3294 1696 3341 Velut
1744 3305 1847 3342 uon
1909 3292 2033 3340 mihi
2083 3294 2382 3352 persuadeo

309 3384 568 3433 Plautina
601 3397 725 3432 esse
761 3382 1118 3432 insolentior-a
1146 3384 1340 3430 haece:
1378 3381 1478 3430 Ha
1499 3395 1575 3430 ec
1608 3382 1798 3430 sunt.
1834 3381 1886 3431 si
1919 3382 2075 3430 recte
2107 3394 2204 3429 seu
2243 3394 2382 3442 per-

314 3489 488 3526 vorse
532 3478 701 3541 sacta
752 3478 888 3525 suut
923 3491 970 3525 e.
1009 3490 1055 3538 q.
1094 3489 1173 3524 s.:
1211 3475 1304 3525 vel
1341 3477 1476 3524 haec
1508 3489 1595 3524 ετ.
1632 3477 1816 3524 Scuta
1851 3474 2046 3524 iacere
2077 3475 2387 3540 fugereque

307 3567 490 3616 hostis
523 3580 740 3616 morem
776 3567 998 3615 habent.
1034 3579 1133 3616 cu.
1170 3566 1535 3616 lde-entiam.-
1591 3567 1676 3614 vel
1715 3565 1917 3628 Ipsum
1956 3566 2134 3614 adeas
2168 3566 2382 3616 Lesbo-

304 3657 521 3717 nicum,
558 3658 799 3707 edoceas
833 3661 899 3707 ut
930 3672 1000 3707 se
1035 3658 1267 3708 habet.
1305 3659 1484 3707 Minus
1520 3656 1676 3706 etiam
1711 3658 1952 3705 concedo
1975 3656 2219 3707 camelis
2254 3668 2375 3706 ser-

303 3747 453 3797 moni
489 3748 628 3812 quid
660 3748 713 3797 ie
745 3725 858 3797 scit
892 3748 1098 3813 facere
1131 3745 1382 3812 postea?
1425 3748 1506 3796 sic
1542 3747 1784 3808 potuisse
1819 3757 1854 3796 a
1888 3749 2245 3812 Megaronide
2280 3755 2370 3796 re-

303 3840 594 3901 sponderi:
647 3839 1112 3890 Mendacilocum
1161 3841 1257 3905 qui
1304 3854 1364 3889 se
1406 3840 1565 3890 sciat
1611 3841 1833 3906 facere.
1869 3866 1933 3876 —
1981 3841 2229 3889 Ceterum
2266 3849 2374 3888 non

309 3932 497 3981 fuerat
518 3931 734 3981 difficile
767 3932 1008 3981 relictum
1031 3933 1322 3982 Trinummi
1348 3947 1402 3981 v.
1430 3934 1540 3981 627
1576 3932 1775 3982 iloco
1814 3933 1997 3982 videre
2033 3933 2166 3982 solis
2201 3930 2380 3991 operis

301 4022 520 4072 deberi:
567 4023 614 4072 id
671 4025 811 4085 quod
862 4021 912 4072 in
964 4024 1094 4084 ipsis
1143 4024 1555 4086 prolegomenis
1601 4025 1998 4073 excusaveram
2044 4036 2089 4082 p.
2123 4032 2384 4072 cccmu-

306 4126 365 4161 ν.
410 4113 493 4161 19.
563 4111 684 4178 Quo
723 4113 1008 4176 curiosius,
1046 4117 1186 4177 quod
1224 4127 1329 4163 non
1366 4115 1661 4176 excusavi,
1716 4115 1877 4161 video
1912 4112 1997 4160 hic
2032 4110 2157 4159 mihi
2193 4113 2386 4173 depre-

309 4204 540 4253 candum
579 4216 729 4252 esse:
779 4205 1111 4267 typothetae,
1150 4217 1253 4254 non
1293 4216 1414 4254 meo
1454 4203 1584 4253 vitio
1622 4201 1695 4253 At
1732 4215 1829 4264 pro
1866 4200 1956 4251 Ad
1989 4202 2220 4264 positum
2256 4202 2384 4251 'Pri-

302 4291 505 4342 nummi
543 4305 597 4344 v.
635 4291 771 4342 940.
