2824 4890
2057 320 2372 388 CCCXV

155 496 474 560 amatoris
517 492 1051 577 significationem
1095 493 1303 561 denuo
1346 497 1592 564 reflecti
1637 508 1704 563 et
1741 501 2002 565 alterius
2055 524 2369 586 personae

158 629 522 711 pronomini
581 628 705 690 iam
763 629 993 691 tertiae
1048 648 1390 710 pronomen
1447 631 1755 710 substitui¹
1789 636 1932 695 sine
1972 653 2220 698 summa
2260 636 2363 697 in-

159 760 499 841 telligendi
541 760 1068 842 molestia'atque
1091 758 1253 824 adeo
1283 762 1604 843 cogitandi
1630 768 2073 842 perversitate.
2119 766 2361 832 Verum

149 903 317 957 tuor
371 912 490 956 non
547 903 651 955 est
689 913 850 956 sane
890 897 957 956 in
1001 894 1213 974 libris,
1258 894 1372 956 sed
1412 915 1452 957 a
1482 895 1848 958 Camerario
1896 897 2144 960 demum
2191 898 2363 960 effe-

139 1001 338 1094 ‘ctum
365 1040 469 1093 est
496 1052 534 1092 e
570 1035 717 1107 nos:
760 1032 859 1093 cui
902 1030 1004 1092 ubi
1033 1035 1080 1111 f
1103 1032 1314 1125 potius
1361 1050 1547 1111 quam
1581 1040 1607 1092 t
1632 1033 2104 1112 praeposueris,
2156 1032 2358 1094 videri

145 1171 379 1244 potest
419 1162 503 1225 ad
546 1174 652 1224 sat
691 1181 989 1244 magnam
1036 1164 1468 1243 pronominum
1499 1167 1967 1245 congruentiam
1998 1164 2198 1226 oratio
2232 1162 2358 1225 ad-

150 1290 361 1359 ducta
405 1313 575 1360 esse.
664 1296 749 1357 E't
813 1303 1021 1356 tamen
1080 1315 1161 1355 ne
1215 1294 1339 1355 hoc
1392 1294 1645 1377 quidem
1703 1294 2180 1357 concedendum
2238 1303 2359 1357 est.

138 1428 330 1489 Nam
389 1445 569 1488 amor
624 1431 765 1490 cum
826 1425 1055 1488 dicitur
1113 1443 1151 1487 a
1205 1443 1326 1488 suo
1379 1444 1456 1488 se
1518 1433 1777 1487 contutu
1838 1427 2106 1506 fugare,
2177 1424 2357 1486 unius

137 1561 413 1623 Amoris
456 1578 772 1641 personae
818 1559 1207 1641 cogitatione
1243 1561 1458 1641 imago
1501 1561 1705 1622 omnis
1750 1560 2135 1620 continetur:
2186 1576 2354 1638 quae

137 1694 256 1757 ubi
300 1691 385 1754 ad
427 1693 590 1754 alias
632 1700 964 1772 praeterea
1004 1707 1315 1770 personas
1359 1691 1700 1773 porrigitur
1743 1699 1812 1751 ut
1842 1691 2069 1782 ¹aliqua
2114 1707 2352 1752 neces-

132 1823 428 1888 situdine
474 1840 620 1885 cum
670 1825 908 1885 Amore
951 1825 1361 1903 coniunctas,
1428 1821 1648 1903 putida
1688 1820 1761 1884 fit
1805 1836 1877 1899 et‘
1911 1822 2125 1904 inepta
2168 1840 2354 1899 conv,-

136 1953 420 2036 paratio.
526 1950 741 2029 Quare
793 1971 935 2015 cum
988 1972 1143 2014 suos
1200 1945 1518 2031 cognatos
1570 1951 1800 2033 fugare
1842 1951 1962 2015 dici
2011 1968 2189 2013 amor
2229 1951 2351 2015 nisi

133 2081 418 2144 ridicule
466 2098 589 2140 non
647 2089 909 2160 posset,
965 2080 1113 2142 nibil
1173 2039 1662 2164 reliquum³‘fuit
1716 2082 1839 2143 nisi
1897 2090 1968 2143 ut
2011 2099 2157 2150 cum
2202 2089 2350 2143 tuor

136 2221 525 2304 pronomine
579 2219 749 2280 tertii
807 2235 1060 2298 quoque
1120 2216 1382 2277 membri
1442 2216 1814 2296 pronomina
1859 2215 2348 2276 conciliarentur

129 2360 205 2414 et
237 2351 444 2430 fuya!
477 2357 541 2410 te
581 2369 623 2409 a
667 2357 774 2410 tuo
817 2354 1080 2410 contum
1116 2345 1506 2408 scriberetur
1549 2362 1665 2424 pro
1706 2365 1779 2406 se
1820 2364 1862 2404 a
1903 2363 2039 2406 auo.
2081 2376 2160 2387 —
2204 2343 2349 2404 Re-

128 2487 313 2567 liqua
358 2483 590 2562 omnia,
630 2481 876 2562 quaein
901 2481 1026 2542 hoc
1051 2479 1303 2540 cantico
1348 2476 1554 2556 posui,
1595 2482 1747 2555 puto
1778 2482 1985 2535 semet
2012 2472 2155 2552 ipsa
2183 2471 2347 2532 satis

121 2615 505 2681 defendere.
573 2616 724 2676 Nisi
766 2611 932 2695 quod
978 2631 1090 2694 pro
1130 2608 1469 2691 asperiore
1504 2630 1565 2674 v.
1608 2608 1734 2672 284
1776 2607 2013 2670 cretico
2061 2602 2225 2687 pede
2267 2603 2345 2665 u't

114 2755 220 2813 eit
261 2753 382 2810 rui
423 2746 592 2810 haud
649 2749 789 2810 scio
845 2765 924 2809 an
984 2753 1272 2825 praestet
1327 2744 1523 2804 multo
1567 2741 1767 2802 lenior
1808 2739 1970 2802 baec
2012 2753 2342 2799 mensura:

301 2875 520 2938 Malus
561 2875 787 2937 bonum
833 2872 1066 2936 malum
1110 2890 1260 2934 csse
1306 2870 1462 2953 uolt,
1506 2870 1615 2932 atii
1651 2873 1752 2931 uti
1787 2873 1876 2930 sit
1915 2863 2177 2929 similis:
2239 2946 2251 2951 ἡ

117 3030 285 3074 nam
333 3008 645 3071 catalaxis
687 3004 1118 3068 removendae
1162 3006 1614 3066 necessitatem
1660 3020 1787 3062 non
1841 2998 2070 3086 video,
2129 2997 2341 3061 omui-

114 3160 349 3223 noque
397 3138 569 3220 quod
609 3139 692 3202 ad
736 3140 1247 3202 catalecticorum
1293 3139 1921 3217 acatalectorumque
1969 3134 2183 3195 varias
2226 3151 2339 3210 per

114 3280 260 3342 hoc
305 3284 508 3337 totum
552 3277 870 3339 canticum
915 3273 1394 3337 vicissitudines
1437 3272 1686 3350 attinet,
1730 3289 1854 3332 nou
1898 3275 2191 3348 oportere
2232 3264 2338 3326 ni-

103 3413 249 3480 mis
297 3410 704 3475 fastidiosum
746 3420 897 3474 esse
937 3409 1223 3473 arbitror.

944 3704 1278 3768 {OAPW
1314 3702 1525 3758 xlx-

291 3874 574 3937 Restant
631 3873 919 3937 miscella
978 3843 1324 3954 quaedam⁰,
1370 3889 1537 3952 quae
1581 3879 1817 3953 quanta
1859 3876 2135 3951 potuero
2175 3865 2331 3926 bre-

97 4010 331 4075 vitate
376 4005 732 4093 absolvam.
820 4007 904 4069 Et
944 4003 1117 4089 quod
1174 4002 1256 4068 ad
1317 4021 1754 4066 scenarum
1813 3996 2329 4076 descriptio-

91 4158 289 4207 nem
335 4136 603 4219 attinet,
663 4155 744 4199 ea
782 4155 893 4199 res
943 4136 1063 4199 etsi
1105 4155 1230 4199 non
1274 4147 1401 4199 tam
1446 4133 1838 4196 necessitate
1883 4147 2072 4211 quam
2117 4127 2329 4211 aliqua

94 4271 392 4342 rationis
428 4270 870 4351 probabilitate
903 4270 1178 4354 regitur,
1218 4278 1433 4331 tamen
1474 4281 1601 4328 una
1644 4273 1823 4327 certa
1868 4264 1974 4327 via
2018 4263 2325 4346 insisten-
