2824 4890
2095 374 2359 440 XXVI!

185 555 452 628 apparet,
496 566 616 609 non
661 546 741 609 ad
785 549 1092 612 muliebri.
1195 552 1340 614 Nee
1405 554 1511 615 vel
1577 555 1672 618 eis
1735 574 1927 636 opera
1987 559 2115 622 ullo
2173 563 2360 628 modo

183 678 508 759 successit,
551 679 657 759 qui
703 679 784 741 ab
828 681 1345 763 interpolatorum
1393 688 1687 750 codicum
1732 689 1790 750 h.
1814 710 1871 752 e.
1898 692 2262 757 aVaticani
2291 700 2357 760 D

184 808 462 872 memoria
502 786 873 891 Parumque
915 812 1184 893 profecti
1230 817 1435 878 Pare!
1475 819 1896 901 invexerunt,
1954 824 2061 885 vel
2102 824 2203 886 his
2248 827 2357 906 qui

180 957 249 1000 ea
299 957 457 1002 voce
511 959 777 1022 prorsus
837 944 1041 1006 eiecta
1102 946 1268 1011 lianc
1322 949 1524 1011 totius
1571 968 1800 1014 versus
1842 958 2124 1035 speciem
2168 974 2355 1020 com-

182 1074 352 1137 menti
392 1090 570 1141 sunt:

362 1208 580 1272 Artem
628 1218 695 1272 et
737 1208 1127 1294 disciplinam
1174 1214 1455 1281 obtineat
1497 1230 1559 1284 et
1605 1222 1900 1285 colorem.
1947 1225 2079 1289 PE.
2123 1224 2353 1310 quem-4

1472 1358 1863 1428 admodum}²

176 1470 326 1537 Nam
384 1488 827 1564 praeterquam
891 1487 1058 1567 quod
1120 1490 1201 1552 ad
1263 1501 1649 1559 sententiam
1708 1500 1866 1562 mire
1922 1502 2231 1585 languent
2287 1513 2352 1569 et

172 1611 442 1688 tanquam
487 1612 851 1677 claudicant
892 1620 1186 1685 subiecta
1228 1632 1294 1686 et
1337 1628 1608 1691 colorem
1646 1634 1884 1715 verba,
1949 1657 2070 1702 nec
2126 1649 2194 1702 et
2247 1651 2354 1705 est

170 1734 222 1796 in
273 1739 392 1803 ullo
452 1743 734 1840 codice,
783 1766 906 1808 nec
963 1751 1233 1814 colorem
1281 1756 1385 1818 vel
1428 1759 1487 1818 in
1533 1763 1953 1829 Ambrosiano
2007 1772 2111 1835 vel
2155 1774 2214 1835 in
2257 1778 2343 1850 D,

170 1877 257 1956 qni
295 1880 558 1942 colerem
605 1882 794 1946 habet
835 1895 902 1948 ut
945 1888 1015 1962 O,
1062 1889 1178 1952 sed
1220 1896 1285 1954 in
1330 1912 1453 1955 uno
1482 1899 1544 1960 B
1575 1907 1637 1960 et
1681 1918 1719 1962 a
1766 1905 2055 1968 secunda
2098 1915 2339 1974 tantum

167 2033 334 2081 manu
362 2018 422 2080 in
451 2022 556 2081 D:
600 2020 763 2083 unde
796 2022 991 2085 ltalus
1033 2037 1352 2091 corrector
1396 2029 1634 2116 effecit,
1677 2036 1847 2115 quod
1896 2052 2152 2103 veteres
2197 2042 2340 2106 edi-

167 2157 321 2215 tores
358 2170 828 2241 propagarunt,
891 2164 1064 2224 color
1103 2171 1215 2229 est.
1326 2165 1492 2243 Quid
1553 2168 1798 2234 multa?
1861 2173 2164 2254 scriptum
2219 2178 2340 2242 fuit

163 2288 379 2351 colere.-
448 2301 646 2375 atque
710 2296 1189 2379 elegantissimo
1247 2320 1490 2382 genere
1532 2304 1823 2385 loquendi
1868 2307 2097 2373 dicitnr
2140 2323 2341 2379 artem

164 2420 220 2485 εἰ
251 2429 643 2508 disciplinam
688 2434 905 2495 colere.
1018 2436 1112 2497 lta
1158 2444 1372 2498 autem
1420 2439 1709 2519 qnoniam
1753 2444 2031 2506 oblinere
2072 2450 2336 2512 verbum

164 2567 634 2629 constructionis
678 2571 837 2634 ratio
879 2573 1154 2655 respuit,
1200 2574 1261 2634 in
1290 2573 1415 2635 hoc
1445 2591 1717 2636 necesse
1747 2586 1851 2638 est
1881 2578 2115 2660 aliquid
2152 2586 2341 2644 naevi

164 2697 359 2766 lateat.
445 2704 636 2783 Quod
682 2709 869 2789 quale
914 2708 1031 2790 sit,
1094 2709 1238 2772 ilico
1282 2710 1695 2792 perspexeris
1735 2711 1839 2773 ubi
1881 2711 2037 2775 illud
2082 2726 2345 2798 reputa-

157 2839 345 2920 veris,
410 2861 635 2924 parum
692 2861 969 2908 caussae
1011 2845 1536 2928 Periplecomeno
1580 2864 1732 2910 esse
1773 2869 1885 2912 cur
1928 2856 2338 2933 quemadmo-

158 2972 292 3034 dum
346 2988 654 3060 quaerat,
721 2980 778 3041 si
841 2980 1298 3045 Palaestrionis
1361 2987 1747 3050 sententiam
1811 2988 1977 3050 satis
2044 2991 2333 3072 profecto

162 3106 346 3183 planis
400 3112 620 3174 verbis
679 3113 798 3174 illis
858 3113 1242 3180 declaratam
1302 3124 1689 3203 perceperit:
1758 3141 1840 3184 ne
1893 3146 2208 3206 quoquam
2263 3133 2342 3193 de

157 3243 393 3319 inqenio
432 3250 733 3312 muliebri
773 3255 1214 3330 deyrediatur:
1256 3273 1371 3317 nec
1404 3257 1611 3337 planis
1641 3265 1904 3338 tantum,
1949 3259 2065 3322 sed
2095 3261 2337 3324 eisdem

155 3392 292 3453 prae
350 3382 468 3446 illis
524 3384 682 3467 ipsis
739 3406 902 3470 quae
959 3390 1423 3473 subiunguntur
1478 3392 1995 3474 languidissimis.
2079 3398 2330 3459 Etenim

155 3506 400 3577 dubitari
441 3517 689 3599 nequit,
751 3520 806 3581 si
850 3538 1037 3602 quem
1089 3540 1270 3585 usum
1316 3532 1381 3586 et
1425 3523 1633 3586 Plauti
1677 3524 1986 3588 habemus
2027 3537 2094 3589 et
2135 3527 2334 3592 libra-

153 3654 386 3739 riorum,
430 3660 577 3744 quin
621 3653 1103 3744 pinguissimum
1149 3662 1774 3744 interpretamentum
1824 3660 1885 3723 in
1925 3661 2125 3724 verba
2172 3681 2335 3744 poe-

153 3800 248 3857 tae
290 3798 658 3882 irrepserit,
729 3799 919 3885 idque
965 3804 1126 3867 talet
1191 3805 1475 3884 profecto
1517 3808 1595 3862 ut
1630 3819 1711 3862 ne
1752 3820 2069 3882 quoquam
2111 3800 2190 3860 de
2229 3802 2336 3859 in·

144 3935 316 4006 yenio
378 3933 720 3994 mulierum
785 3935 1193 4013 deqredr‘alur
1253 3955 1601 4016 earumque
1646 3978 1909 3998 .....
1936 3976 1955 4012 ,
2008 3950 2130 3992 una
2175 3949 2335 3992 con-

147 4068 484 4132 structione
538 4079 611 4133 ut
677 4070 922 4134 assolet
963 4072 1405 4154 conglutinata
1466 4070 1791 4150 scriptoris
1848 4078 1914 4131 et
1972 4069 2333 4146 interpretis

150 4201 446 4268 oratione.
530 4206 843 4290 Superest
887 4218 981 4292 ut,
1026 4227 1192 4290 quae
1217 4207 1418 4270 verba
1444 4207 1734 4270 Plautina
1766 4205 2045 4267 immisso
2070 4226 2332 4268 earum-

151 4350 261 4409 que
300 4336 703 4417 glossemate
750 4340 1021 4422 expulsa
1069 4343 1219 4421 sint,
1264 4339 1619 4421 indagetur.
1676 4335 1840 4400 Cum
1868 4346 2078 4401 autem
2105 4345 2335 4419 poetae
