2824 4890
2233 350 2398 415 xm

179 526 360 593 nterii
406 521 875 607 professionem
922 521 1308 604 emergere?
1391 490 1533 588 Tali
1595 525 1788 607 igitur
1843 530 1992 593 testi
2045 531 2101 594 si
2158 533 2396 598 crede-

176 675 425 734 remus,
462 654 629 737 quod
674 654 955 718 fortasse
998 657 1196 721 oculis
1236 658 1473 721 nostris
1515 649 1661 724 o'lim
1703 664 1807 724 vel
1854 664 2154 745 locupleti
2197 668 2389 731 testi-

174 790 393 855 monio
436 786 740 851 doctioris
784 785 1198 871 eiusdemque
1238 788 1661 870 diligentioris
1701 792 1973 858 hominis
2003 796 2385 864 credendum

181 924 345 1004 erit,
412 919 765 983 verendum
813 928 953 983 erat
1005 919 1295 1000 profecto
1337 939 1422 984 ne
1463 936 1608 985 cum
1654 922 1759 988 illo
1804 924 2089 991 levitatis
2134 930 2385 1012 culpam

181 1056 310 1138 ipsi
360 1056 1015 1119 communicat-emunt
1057 1052 1157 1117 sin
1201 1051 1718 1139 obloqueremur,
1763 1060 1932 1124 uuile
1959 1061 2386 1147 redarguendi

186 1183 622 1264 documenta,
666 1181 812 1244 dum
856 1181 940 1244 ad
980 1184 1146 1244 vada
1188 1185 1454 1251 caerula
1493 1188 1713 1251 Rheni
1747 1207 2084 1275 moramur,
2131 1202 2391 1274 petere·-

184 1333 337 1381 mns
356 1311 394 1378 2
455 1313 729 1376 Tacere
767 1311 957 1393 igitur
997 1329 1190 1393 quam
1230 1313 1490 1377 latranti
1534 1319 1926 1399 respondere
1965 1324 2031 1385 in
2074 1341 2382 1404 praesens

178 1443 595 1528 praestabat:
653 1444 940 1524 interim,
1001 1441 1150 1506 dum
1192 1446 1475 1509 recolere
1515 1446 1861 1529 hospitium
1902 1451 2391 1523 mediolanense

176 1598 294 1660 per
339 1576 698 1641 feliciorum
743 1585 1097 1657 temporum
1139 1580 1671 1660 opportunitatem
1715 1580 1998 1663 licuerit,
2038 1600 2160 1648 suo
2204 1589 2389 1667 quis-

175 1733 312 1795 que
348 1712 678 1791 arbitratu,
725 1711 851 1777 utri
890 1712 1037 1793 plus
1078 1711 1381 1794 confidat,
1426 1713 1570 1796 ipse
1611 1714 1863 1779 viderit.

1063 2073 1388 2132 OAPV'I·
1425 2079 1524 2135 11.

353 2278 542 2341 Prius
594 2289 812 2345 antem
869 2299 1054 2364 quam
1110 2286 1191 2349 ad
1246 2288 1528 2370 reliquos
1583 2289 1841 2356 codices
1896 2293 2181 2358 breviter
2232 2314 2383 2377 per-

170 2410 546 2476 censendos
590 2432 893 2499 pergam,
951 2416 1012 2479 in
1066 2416 1208 2500 ipsa
1248 2418 1351 2482 illa
1397 2419 1643 2505 tabula,
1699 2441 1827 2507 qua
1876 2425 2381 2491 membranarum

179 2540 271 2603 ad
313 2543 752 2610 'l'rinnmmum
790 2553 1212 2629 spectantium
1259 2551 1536 2618 ordinem
1581 2558 1899 2642 explicavi
1918 2603 1943 2639 ,
1990 2559 2136 2622 mihi
2181 2562 2374 2624 etiam

176 2675 708 2739 commorandum
752 2695 903 2742 esse
942 2683 1170 2745 sentio.
1261 2683 1406 2763 Qua
1450 2686 1608 2751 duce
1649 2689 1705 2751 si
1746 2706 1888 2752 cum
1919 2688 2383 2771 deperditarum

174 2803 683 2871 membranarum
726 2785 1078 2878 interuallis
1121 2833 1236 2879 eas
1274 2817 1529 2883 fabulae
1573 2829 1810 2901 partes,
1852 2840 2020 2905 quae
2047 2823 2208 2887 inter
2227 2842 2378 2887 ser-

178 2947 375 3003 vatas
423 2939 675 3005 mediae
715 2955 903 3028 sunt,
963 2952 1351 3035 contuleris,
1407 2954 1595 3019 facile
1635 2956 1956 3039 intelliges
2010 2956 2382 3041 quibusdam

178 3069 249 3132 in
294 3071 451 3136 locis
494 3073 817 3156 aliquanto
868 3077 1046 3157 plura
1102 3079 1628 3148 Ambrosianum*
1654 3087 1938 3152 codicem
1990 3090 2387 3172 continuisse

180 3218 373 3282 quam
419 3220 588 3285 quae
629 3204 713 3269 ibi
752 3205 944 3270 hodie
993 3211 1327 3292 legunturt
1388 3214 1707 3298 intelliges
1751 3227 1965 3282 autem
2011 3218 2138 3284 hoc
2181 3240 2383 3305 argu-

180 3342 442 3414 mento,
512 3334 686 3415 quod
741 3338 1085 3403 universae
1143 3344 1285 3404 eius
1339 3343 1478 3406 libri
1540 3345 1932 3411 condicionis
1995 3349 2219 3413 eadem
2277 3360 2381 3415 est

171 3467 597 3550 aequabilitas
636 3477 704 3534 et
740 3480 1048 3536 accurata
1097 3475 1514 3560 concinnitas,
1557 3496 1726 3560 qnae
1766 3480 2021 3562 propria
2061 3499 2214 3546 esse
2246 3489 2379 3547 tam

168 3600 577 3683 antiquorum
619 3603 912 3668 codicum
952 3606 1141 3673 solet.
1229 3608 1505 3674 Omnino
1544 3611 1710 3675 enim
1756 3614 1882 3676 etsi
1910 3614 2241 3679 Plautinas
2273 3616 2380 3679 fa-

166 3733 356 3797 bulas
411 3733 576 3797 satis
618 3745 871 3801 constat
920 3748 1272 3823 temporum
1318 3742 1647 3825 iniquitate
1698 3764 1822 3808 non
1866 3745 2060 3810 modo
2107 3748 2382 3831 singulis

166 3885 378 3949 saepe
422 3871 724 3936 versibus
766 3882 1102 3957 corruptas
1143 3875 1396 3957 haberi,
1442 3878 1560 3943 sed
1603 3879 1862 3945 easdem
1894 3882 2083 3946 etiam
2111 3882 2380 3963 integris

156 4001 457 4084 partibus
495 4011 873 4070 truncatas:
927 4013 1144 4071 tamen
1193 4008 1318 4073 hoc
1370 4010 1581 4093 ipsum
1638 4031 1848 4096 genus
1901 4013 2383 4096 depravationis

153 4134 371 4216 longe
434 4145 627 4217 quam
687 4138 887 4224 vulgo
948 4140 1231 4204 creditur
1284 4143 1471 4204 latius
1530 4150 1724 4226 patet.
1828 4145 2378 4231 Amphitruonem,

156 4263 577 4347 Aululariam,
621 4264 966 4349 Casinam,
1010 4269 1443 4336 Cistellariam
1461 4313 1483 4352 ‚
1527 4272 1924 4356 Bacchides,
1967 4277 2200 4359 quibus
2242 4279 2366 4344 ad-
