2824 4890
1871 345 2216 413 'CXXXV
2229 349 2288 409 u

163 537 259 604 ego
296 521 670 604 quamobrem
711 545 1071 592 mensuram
1114 527 1399 592 concedo
1448 530 1550 592 vel
1578 534 2031 594 necessitatem
2059 531 2295 595 habere

160 656 237 717 vel
274 657 674 722 defensionem
722 661 1098 726 admitteret
1164 663 1312 744 quid
1373 673 1475 727 est
1518 667 1680 727 enim
1733 665 1986 728 taudem
2034 681 2148 728 cur
2191 671 2294 730 vel

155 788 410 870 ingratius
450 809 598 853 esse
641 794 744 855 vel
801 795 1010 854 minus
1058 797 1452 858 couveniens
1511 770 1732 859 rationi
1790 797 2296 878 quamo'brem

151 940 302 1002 quam
362 927 1018 1006 quema'dmodum
1082 926 1416 992 dicamus?
1475 929 1646 1011 quod
1709 930 1986 994 nondum
2052 930 2298 993 exstitit

150 1056 232 1134 qui
267 1054 762 1135 quemadmodum
807 1058 1068 1139 proferri
1107 1058 1368 1125 iuberet.
1459 1060 1718 1124 Certius
1761 1062 1950 1125 etiam
1998 1071 2099 1124 est
2143 1064 2294 1125 bar-

149 1189 302 1271 bara,
358 1212 472 1255 nee
523 1197 630 1258 vel
692 1196 981 1258 Plautina
1040 1195 1146 1258 vel
1188 1198 1377 1258 latina
1420 1214 1572 1258 esse
1618 1198 1820 1259 tribus
1864 1197 2026 1260 adeo
2070 1198 2295 1260 litteris

150 1331 401 1413 correptis
458 1327 781 1411 {mprobus
841 1329 1211 1410 imprudens
1259 1328 1497 1406 dotare,
1532 1332 1648 1411 ἐρα
1699 1328 2107 1404 ὅόιηιησάόο,
2138 1329 2295 1412 quid
2367 1295 2371 1300 Ι

146 1464 449 1547 'exprobras
504 1473 679 1534 'Prim
721 1469 863 1536 318.
953 1469 1098 1548 Quo
1154 1472 1468 1550 pertineat
1532 1469 1719 1530 etiam
1777 1468 2300 1549 quemddmodum

146 1600 441 1678 &spe'diant
478 1625 541 1665 v.
585 1603 755 1682 235,
820 1605 939 1665 nisi
997 1603 1060 1665 id
1124 1605 1208 1664 sit
1250 1603 1311 1663 in
1359 1602 1721 1665 octonarios
1787 1619 2142 1684 quanquam
2188 1604 2296 1664 vel

146 1732 225 1793 sic
255 1732 441 1798 dubito
484 1757 635 1799 num
681 1755 803 1799 non
848 1758 977 1815 στρ
1035 1737 1244 1816 potius
1307 1736 1682 1815 corripiatur
1740 1753 1928 1815 quam
1990 1738 2055 1795 in
2103 1754 2292 1797 unam

144 1865 400 1944 syllabam
456 1872 715 1931 modum
772 1869 1115 1930 coalescat.
1204 1864 1505 1927 Ceterum
1560 1885 1683 1927 non
1743 1865 2086 1927 obliviscor
2129 1867 2291 1927 sim-

143 1996 324 2077 plicem
377 2022 427 2064 a·
478 2003 755 2065 litteram
820 1999 1155 2080 aliquoties
1218 1998 1280 2058 vi
1344 1982 1676 2079 positionis
1741 1999 1977 2079 pariter
2034 2008 2292 2062 exutam

141 2148 260 2193 esse
295 2145 470 2217 atque
513 2156 551 2196 z
598 2139 667 2196 iu
709 2138 1025 2211 trapezita
1040 2154 1063 2193 .·
1107 2133 1282 2195 velut
1305 2132 1476 2196 Trin.
1514 2130 1678 2194 1052
1717 2136 1780 2192 si
1805 2152 1987 2210 maye
2009 2136 2289 2210 exigere,

139 2268 236 2329 uisi
293 2270 369 2333 ibi
431 2273 621 2334 aliam
692 2288 944 2351 quoque
1012 2268 1092 2330 ob
1162 2285 1455 2329 caussam
1524 2274 1942 2348 transponere
2012 2278 2301 2348 praestet

139 2419 285 2478 maye
320 2409 379 2467 si
414 2410 699 2486 eaeiyere.
785 2381 935 2466 Non
980 2411 1190 2466 autem
1237 2401 1365 2464 huo
1415 2402 1768 2483 pertinent,
1827 2400 1946 2464 sed
2004 2399 2084 2463 ad
2130 2401 2298 2463 aliud

137 2540 345 2600 omnino
394 2558 623 2621 genus,
661 2537 954 2601 licentiae
1013 2536 1471 2618 prosodiacae,
1535 2553 1699 2615 quae
1761 2535 1960 2614 vulgo
2005 2534 2298 2595 dicuntur

136 2678 383 2748 correpta
421 2669 679 2751 syllaba
728 2668 1115 2751 pronuntiari
1158 2666 1461 2745 αοίἱὶριαε
1499 2660 1812 2725 ueniamus
1854 2666 2148 2726 seneclus
2193 2670 2301 2727 iu-

133 2798 324 2864 uentus
360 2800 687 2867 enimuero
737 2798 1154 2881 magistratus
1195 2795 1488 2860 minister
1527 2802 1821 2877 fenestra
1842 2820 1865 2860 .·
1923 2816 2043 2860 nec
2087 2799 2296 2880 magis

131 2921 382 2995 reniam
424 2951 702 3016 unquam
757 2951 946 3014 quam
991 2925 1280 3010 profecto
1322 2929 1427 2989 vel
1482 2924 1695 2988 dotum
1739 2926 1969 2991 dictum
2016 2939 2133 2990 est.
2180 2929 2299 2991 His

135 3058 286 3140 igitur
334 3066 477 3130 hinc
521 3065 807 3129 seclusis
859 3066 1006 3129 sola
1062 3074 1303 3127 restant
1363 3065 1634 3125 invicem
1689 3082 1838 3125 sese
1894 3065 2137 3125 tuentia
2189 3065 2300 3141 fe-

134 3192 412 3265 rintariuae
455 3216 521 3267 et
569 3203 973 3266 tabernaculo
1019 3202 1189 3262 Tria.
1234 3222 1297 3262 v.
1325 3199 1468 3260 426.
1500 3198 1656 3260 726:
1703 3216 1868 3279 qnae
1912 3215 2100 3278 quam
2145 3212 2302 3274 gra-

131 3346 251 3393 vem
290 3341 773 3401 excusationem
821 3338 1125 3410 babeant,
1176 3341 1529 3419 perspicies
1579 3337 1681 3397 ubi
1726 3337 1957 3397 nullum
2008 3333 2304 3395 vocabu-

133 3454 264 3543 lum,
305 3468 361 3530 in
403 3489 533 3552 quo
584 3481 972 3551 quattuor
1018 3470 1871 3553 syllabaecontinuae
1921 3470 2302 3552 antispa-

129 3597 387 3663 sticam
452 3622 912 3667 mensuram
980 3615 1360 3685 aequent,
1431 3607 1535 3668 vel
1597 3607 1654 3667 in
1715 3606 2018 3671 iambicos
2089 3607 2194 3668 vel
2240 3611 2302 3667 iu

128 3733 453 3801 trochaicus
505 3759 807 3801 numeros
860 3742 982 3802 nisi
1025 3747 1378 3822 aegerrime
1424 3745 1656 3804 intrare
1700 3744 2118 3823 reputaveris
2169 3744 2305 3804 Ea-

127 3879 229 3942 que
265 3886 491 3933 caussa
533 3882 660 3953 est,
705 3891 818 3934 cur
851 3877 1041 3935 etiam
1075 3875 1454 3938 simillimum
1484 3875 1894 3939 sedenta'rius
1924 3875 2306 3938 vocabulum

123 3992 174 4053 in
212 4002 499 4083 principio
546 4005 781 4066 senarii
827 4007 1029 4068 locum
1082 4008 1311 4070 habeat
1361 4010 1503 4074 Aul.
1551 4028 1651 4087 ιιι,
1697 4010 1765 4088 5,
1810 4008 1910 4071 39.

265 4131 534 4196 Tantum
583 4137 661 4198 (le
709 4145 1242 4218 correptione
1306 4144 1378 4200 in
1440 4122 1717 4202 mediis
1779 4142 2138 4203 vocibus
2182 4144 2304 4206 ad·-

128 4263 332 4329 misaa:
395 4287 584 4349 quam
643 4288 784 4332 cum
846 4274 1065 4335 certis*
1101 4293 1219 4336 nec
1282 4272 1443 4334 adeo
1503 4275 1726 4353 paucis
1791 4278 2101 4357 exemplis
2146 4294 2302 4339 usus
2393 4299 2402 4308 ·
