2824 4890
469 339 924 408 cchxxxu

473 522 716 605 Quodsi
774 519 1056 584 alterutri
1114 527 1360 584 tantum
1425 518 1713 582 vicariae
1765 507 2079 581 caesurae
2135 518 2322 581 loeus
2365 526 2470 581 est
2514 535 2678 580 cou-

471 672 705 720 cessus
727 696 746 734 ‚
810 651 934 714 etsi
988 650 1306 732 aliquanto
1368 649 1565 712 rarior
1632 666 1823 730 quam
1879 646 2412 729 semiseptenaria
2452 666 2539 711 ea
2577 654 2682 710 est

473 804 642 869 quae
686 784 756 846 fit
796 785 987 863 po‘st
1028 778 1475 842 secundam
1521 777 1808 857 arsim,
1853 784 1921 838 ut
1960 797 2024 839 v.
2072 777 2226 840 121:

634 915 705 975 ln
750 909 1020 974 eundem
1064 918 1198 972 tute
1241 907 1599 973 accederes
1645 905 1969 971 iufdmiam
1988 952 2010 989 ,

470 1053 682 1106 tamen
726 1061 764 1102 e
807 1040 1066 1103 raritate
1109 1056 1233 1101 non
1276 1047 1376 1101 est
1420 1037 1829 1102 dubitationis
1869 1055 2110 1108 caussa
2151 1035 2524 1119 repetenda.
2581 1039 2679 1100 Eo

470 1183 683 1239 autem
727 1174 788 1235 in
829 1189 1070 1254 genere
1124 1168 1483 1234 cavendum
1542 1171 1660 1240 fuit
1703 1188 1783 1232 ne
1838 1171 2136 1253 graviore
2194 1178 2340 1251 post
2383 1180 2677 1252 quartam

468 1305 661 1372 arsim
706 1302 1211 1383 interpunctione
1255 1298 1610 1363 accedente
1651 1300 1804 1362 trib
1823 1317 1908 1361 us
1952 1301 2235 1382 partibus
2261 1319 2527 1382 prorsus
2557 1321 2677 1382 pa-

469 1437 648 1500 ribus
706 1452 943 1497 versus
997 1431 1397 1494 decurrerett
1453 1430 1623 1513 quod
1683 1449 1833 1494 cum
1888 1432 2052 1496 satis
2103 1435 2549 1498 excusationis
2613 1453 2676 1511 v,

481 1569 647 1633 1094
686 1569 920 1631 habeat

636 1692 693 1756 0
741 1689 1070 1772 Cdllicles‚
1117 1708 1155 1751 o
1200 1687 1532 1773 Cdllicles‚
1575 1709 1615 1753 o
1663 1690 1986 1776 callicles,

466 1831 536 1884 at
578 1818 925 1882 verendum
968 1828 1069 1881 est
1114 1826 1183 1879 ut
1227 1821 1484 1882 veniam
1529 1821 1721 1883 etiam
1766 1840 1827 1881 v.
1871 1820 1998 1881 582
2040 1823 2368 1901 impetret:

637 1951 761 2012 Dic
806 1947 1080 2031 Callicli,
1120 1967 1225 2011 me
1266 1958 1331 2012 ut
1374 1946 1713 2013 cdnuenat.
1800 1949 1967 2030 Quin
2008 1959 2077 2012 tu
2118 1944 2380 2030 imodo‚

474 2078 575 2142 ubi
621 2041 729 2139 aut
783 2084 856 2139 u!
892 2097 993 2139 me
1035 2086 1355 2138 convena!
1392 2075 1923 2158 transponendum
1973 2086 2083 2138 aut
2124 2080 2268 2142 med
2306 2085 2381 2139 ut
2436 2098 2675 2140 conue-

465 2205 612 2273 'm’at
646 2208 1047 2273 scribendum
1078 2227 1225 2271 esse
1251 2211 1488 2272 certius
1523 2228 1690 2271 nunc
1721 2229 1909 2293 quam
1959 2211 2020 2271 in
2067 2212 2480 2272 annotatione
2526 2231 2672 2291 pro-

473 2347 714 2411 nuntio.
750 2343 883 2408 Sed
904 2343 1234 2424 diligenter
1257 2343 1403 2405 hinc
1428 2344 1509 2405 illi
1530 2361 1763 2405 versus
1779 2342 2171 2426 segregandi
2191 2350 2362 2421 sunt,
2395 2342 2505 2423 qui
2536 2359 2675 2403 cum

401 2526 404 2535 ,
470 2478 721 2560 possint
762 2497 921 2540 sane
964 2478 1162 2540 ternis
1206 2475 1477 2557 dipodiis
1522 2474 1743 2557 dividi,
1789 2475 1926 2537 eius
1969 2484 2176 2537 tamen
2224 2473 2673 2554 descriptionis

471 2602 924 2677 necessitatem
968 2631 1094 2673 non
1136 2610 1431 2684 habeant,
1480 2609 1598 2670 sed
1641 2608 1983 2692 legitimam
2034 2627 2366 2672 caesuram
2401 2609 2673 2690 aliquam

471 2756 767 2810 tueantur
809 2744 1086 2807 elisionis
1128 2749 1373 2804 tantum
1424 2760 1502 2802 eo
1532 2759 1649 2801 usu
1682 2739 2021 2817 paullulum
2055 2740 2462 2801 obscuratam
2490 2756 2674 2822 quem

473 2878 597 2938 iam
641 2878 702 2937 in
745 2873 1127 2957 septenariis
1170 2872 1497 2935 illustravi.
1601 2870 1799 2932 Velut
1843 2879 2098 2951 praesto
2142 2879 2241 2932 est
2285 2872 2430 2952 ipsa
2471 2874 2673 2935 semi-

467 3009 754 3092 quinaria
799 3028 858 3068 v.
902 3005 1044 3068 741.
1089 3004 1239 3069 ‘7842

636 3134 869 3201 Datdm
912 3135 1021 3199 tibi
1064 3134 1301 3216 dotem,
1350 3136 1410 3196 ei
1455 3133 1642 3217 qudm
1688 3134 1897 3208 dares,
1947 3135 2085 3198 eius
2130 3134 2171 3197 a
2212 3144 2415 3219 patre.

640 3265 1089 3351 Suspicionem
1133 3268 1215 3329 ab
1259 3264 1676 3331 adulescente
1716 3264 2059 3333 amoveris.

474 3400 932 3482 simillimaque
1002 3397 1162 3459 ratio
1239 3415 1457 3459 eorum
1519 3388 1891 3459 multitudini
1948 3396 2309 3461 adhibenda
2378 3408 2482 3462 est
2545 3400 2673 3481 qui,

471 3534 596 3595 nisi
640 3531 967 3594 elisionem
997 3548 1121 3591 non
1153 3530 1363 3610 magis
1389 3528 1646 3590 obstare
1686 3529 1730 3591 h
1745 3548 1781 3591 e
1794 3548 1835 3609 p
1852 3529 1896 3591 h
1913 3530 1994 3590 th
2013 3547 2049 3590 e
2062 3548 2120 3590 m
2137 3530 2155 3591 i
2174 3549 2231 3592 m
2247 3548 2284 3592 e
2298 3530 2361 3592 ri
2384 3533 2458 3604 ‘J
2484 3549 2673 3612 qnam

499 3705 563 3765 *2
600 3705 679 3753 Ne
714 3703 801 3763 qni
827 3701 965 3750 forte
984 3696 1281 3748 indubitata
1314 3697 1562 3759 exempla
1598 3710 1765 3760 purae
1800 3699 1852 3747 h.
1872 3713 1917 3748 e.
1968 3711 2090 3749 cum
2126 3699 2350 3750 elisione
2383 3713 2497 3751 non
2536 3714 2672 3752 con-

593 3804 808 3853 iunctae
841 3800 1314 3863 semiseptenariae
1349 3802 1671 3865 desiderent,
1707 3802 1843 3853 haec
1877 3802 2109 3851 habento
2143 3814 2195 3851 v.
2233 3800 2328 3850 27.
2375 3800 2506 3853 150.
2537 3802 2671 3851 201.

600 3906 730 3957 394.
765 3904 896 3954 465.
933 3904 1060 3955 54⁰.
1097 3903 1226 3953 600.
1260 3905 1409 3953 812:

732 4004 942 4059 Inuitus
977 4009 1033 4058 ni
1070 4008 1122 4058 ld
1157 4022 1239 4058 me
1274 4005 1465 4058 incitet
1499 4014 1557 4059 ut
1591 4007 1785 4059 facium
1820 4010 1972 4059 tides.

731 4105 1097 4160 Thensaurum
1133 4108 1527 4161 demonstrauit
1561 4110 1685 4160 mihi
1719 4110 1773 4160 in
1808 4110 1957 4162 hisce
1988 4106 2231 4162 aedibus.

734 4212 918 4273 Neque
952 4209 1460 4274 confidentiloquius
1494 4225 1666 4276 neque
1700 4208 1984 4274 peritii-lus.

731 4310 829 4358 Set
855 4312 963 4393 'hoc
997 4309 1159 4365 tinum
1195 4316 1516 4370 consolatur
1551 4333 1630 4369 me
1667 4325 1827 4383 atque
1862 4314 2094 4369 animum
2131 4328 2326 4366 meum.
