2824 4890
466 363 763 429 XXXIV

462 549 721 611 stinotio
780 545 1002 610 eadem
1061 555 1164 608 est
1217 564 1381 627 quae
1426 546 1483 607 iu
1532 545 1649 609 011
1692 555 1756 607 et
1801 546 2055 629 reliquis
2101 560 2353 630 praeter
2402 555 2460 616 B
2500 556 2679 619 libris

464 682 776 746 omnibus.

628 835 714 901 1³·
760 838 1225 921 Lipsiensis
1269 838 1691 902 bibliothecae
1732 842 2133 921 senatoriae,
2179 840 2421 901 formae
2462 841 2678 903 maxi-

468 990 612 1034 mae
655 973 773 1034 sed
822 974 1111 1036 modicae
1156 992 1515 1056 mensurae,
1553 978 1614 1043 in
1642 991 1933 1037 cccxnn.
1961 974 2366 1054 membranis,
2410 992 2680 1055 quarum

463 1106 738 1187 paginae
782 1123 1044 1167 xxvun.
1090 1123 1395 1166 versuum
1442 1115 1614 1185 sunt,
1661 1106 2037 1168 nitidissime
2076 1108 2338 1168 sacculo
2367 1079 2681 1171 xvssscri-

464 1249 611 1323 ptas
653 1240 900 1302 fabulas
944 1258 1054 1302 xx.
1098 1241 1558 1322 complectens:
1609 1239 1873 1302 saeculo
1919 1257 2056 1303 xvi.
2085 1238 2144 1299 in
2174 1239 2479 1317 Hispania
2512 1256 2678 1319 pos-

464 1392 699 1437 sessus
758 1376 838 1436 ab
888 1376 1282 1457 Hieronymo
1328 1376 1547 1438 Surita
1597 1350 2246 1456 Caesaraugustam,
2307 1384 2537 1455 postea
2593 1372 2678 1435 ad

465 1508 754 1570 Batavos
811 1508 1021 1587 aliquo
1081 1525 1236 1571 casu
1285 1509 1574 1586 delatae,
1631 1527 1795 1571 anno
1855 1487 2673 1585 autemffiffoe—xffffis,

464 1650 536 1702 ut
566 1650 847 1704 testatus
891 1652 992 1704 est
1042 1645 1128 1707 Ιο.
1183 1644 1347 1705 Frid.
1400 1645 1715 1707 Christius
1744 1690 1762 1722 ,
1808 1633 2056 1707 ‘hastae
2106 1644 2463 1724 Lipsiensis
2507 1660 2678 1706 aca-

466 1770 714 1833 demiae
758 1775 918 1834 inter
966 1774 1290 1835 Sellianos
1335 1775 1524 1835 libros
1573 1776 1902 1838 subiectus
1945 1784 2010 1837 et
2042 1775 2286 1838 Curiali
2334 1775 2676 1837 bibliothe-

466 1921 585 1965 cae
630 1894 1037 1986 redemptus.’
1082 1905 1439 1988 Aliquando
1484 1916 1628 1987 post
1654 1909 2110 1990 Hieronymum
2158 1908 2432 1970 Suritam
2467 1908 2677 1971 fuisse

467 2041 777 2104 Friderici
813 2042 1086 2122 Adelphi
1134 2043 1418 2104 Hansem
1465 2042 1544 2104 ab
1572 2042 1936 2103 Ehrencron
1983 2042 2246 2103 traditur
2290 2061 2327 2103 a
2375 2042 2675 2104 Fabricio

462 2172 622 2235 Bibl.
668 2173 777 2237 lat.
822 2192 878 2253 p.
908 2170 991 2234 27
1033 2173 1187 2235 Ern.
1276 2174 1370 2234 Eo
1418 2171 1824 2232 Her-mannus
1869 2189 2023 2233 usus
2064 2172 2123 2233 in
2157 2171 2505 2233 Elementis
2548 2170 2674 2233 do-

467 2305 708 2366 ctrinae
753 2304 1093 2367 metricae:
1145 2304 1483 2365 collatione
1525 2322 1567 2364 a
1613 2302 1893 2366 Christio
1941 2303 2132 2383 facta,
2179 2323 2341 2383 quae
2373 2301 2674 2364 Dresdae

467 2451 789 2520 servatur,
837 2438 1330 2505 Lindemannus.
1398 2442 1690 2504 Breviter
1733 2439 1815 2502 de
1860 2461 1937 2503 eo
1982 2438 2117 2502 dixi
2161 2436 2243 2500 de
2285 2435 2434 2499 crisi
2463 2435 2670 2500 Plaut.

465 2592 525 2653 p.
574 2574 695 2637 172
736 2593 833 2657 sq.

633 2722 725 2794 G
774 2726 1241 2789 Vaticanus
1289 2726 1452 2789 1629
1497 2726 1844 2788 fabularum
1893 2722 2157 2803 viginti,
2216 2718 2671 2802 antiquioribus

464 2861 742 2922 numeris
772 2861 902 2923 '790
931 2869 998 2922 et
1033 2860 1193 2923 1889
1236 2870 1514 2936 notatus,
1557 2861 1814 2922 saeculo
1847 2877 1959 2923 xv.
1990 2862 2274 2938 scriptus
2307 2858 2365 2916 in
2397 2872 2670 2919 cccxlii.

464 2991 849 3053 membranis
905 2993 1149 3055 formae
1206 2993 1560 3072 maximae,
1617 3010 1922 3054 versuum
1982 2992 2040 3052 iu
2098 2989 2359 3072 singulis
2417 2988 2670 3069 paginis

464 3140 663 3202 xxxi,
726 3126 789 3184 in
836 3124 1206 3186 Trinummo
1253 3126 1771 3206 Truculentoque
1828 3123 2067 3204 aliquot
2125 3121 2275 3183 folia
2331 3137 2666 3201 perperam

467 3253 733 3316 traiecta
800 3254 1058 3320 habens.
1160 3259 1232 3318 ln
1295 3256 1423 3317 fine
1479 3258 1711 3338 legitur
1765 3242 1983 3315 ‘Liber
2043 3254 2280 3315 Poecn
2345 3249 2670 3312 secretarii

461 3373 783 3468 Apostol.‘=
828 3387 1054 3468 quibus
1094 3388 1310 3449 verbis
1343 3387 1466 3449 alia
1509 3404 1735 3448 manus
1781 3385 1943 3447 haec
1981 3383 2254 3446 adiecit:
2298 3370 2469 3444 ‘Nd'c
2510 3401 2667 3445 uero

461 3519 519 3578 A
571 3508 938 3598 meJohafie
977 3519 1101 3580 ati.
1135 3565 1151 3584 .
1185 3508 1411 3580 bane'si
1461 3517 1582 3600 ἓῖιῖ)
1628 3513 1874 3597 emptus
1910 3523 2011 3577 est
2053 3515 2366 3596 michique
2411 3512 2669 3576 traditu!

460 3666 575 3728 per
619 3647 680 3710 d.
726 3645 1003 3728 baptista*
1050 3659 1117 3713 et
1159 3653 1246 3717 lo.
1294 3652 1544 3714 lacobti'
1580 3651 1803 3713 liberos
1845 3640 2028 3732 ipsus
2062 3648 2232 3730 pogij
2270 3648 2558 3731 acceptis
2588 3650 2667 3712 ab

458 3797 564 3841 me
641 3778 882 3843 ducatis
937 3782 1134 3865 largis
1198 3772 1388 3868 uigsti
1456 3784 1696 3867 quique
1766 3784 1868 3846 die
1937 3801 2175 3846 xxvnr.
2246 3781 2521 3864 Ianuar-ij
2583 3780 2666 3863 aj.

461 3900 789 3978 ccccmx.'
872 3916 1035 3977 Post
1079 3914 1411 3996 Epidicum
1458 3904 1739 3999 ‘Nigidii'
1782 3915 1951 3996 apud
2000 3913 2276 3978 Gellium
2321 3915 2402 3978 de
2455 3920 2669 3978 comi-

461 4048 558 4109 cis
622 4049 832 4111 latinis
891 4068 1125 4111 versus
1180 4052 1402 4132 scripti
1461 4060 1651 4129 sunt,
1721 4049 2026 4131 deinceps
2091 4058 2303 4111 autem
2360 4066 2439 4110 ea
2500 4067 2668 4130 quae

460 4178 722 4264 Parerg.
774 4200 822 4262 ι,
868 4200 927 4262 p.
953 4182 1039 4243 65
1078 4183 1375 4264 excerpsi
1420 4184 1554 4255 (ubi
1589 4203 1701 4265 pro
1731 4201 1866 4245 xm.
1916 4183 2171 4266 corrige
2214 4184 2410 4255 xnu.)
2453 4181 2663 4245 Cete-

459 4324 594 4370 rum
638 4307 720 4371 tle
762 4296 1065 4392 ‘Nigidio’
1107 4311 1189 4374 cf.
1236 4311 1465 4377 ibidem
1508 4324 1576 4377 et
1619 4333 1678 4395 p.
1716 4313 1831 4375 241
1883 4314 2072 4376 dicta.
