2824 4890
404 347 701 418 XXVIII

402 549 594 615 qusm
644 526 792 591 olim
832 525 911 586 de
955 525 1114 585 criti
1150 520 1464 586 Plautina
1504 512 1740 596 sci-lpsi
1781 508 1997 574 Musei
2040 501 2406 590 philologici
2434 501 2624 569 Rho-

402 666 551 730 nani
579 684 620 727 u
642 661 1009 726 Welckero
1032 657 1419 736 Naekioque
1445 651 1599 715 editi
1623 657 1793 711 tomo
1811 661 1903 709 ιν.
1922 644 2254 721 insertam,
2271 636 2464 721 p.511
2482 653 2626 718 sqq.

406 811 474 866 ot
511 797 640 865 535
679 814 822 879 sqq.
912 790 1327 873 Antiquiores
1371 799 1771 848 numerorum
1813 780 2175 842 notationes
2227 773 2440 838 codex
2484 772 2615 834 hu-

408 938 519 1001 bet
608 916 727 1034 {23²-
798 940 868 995 et
911 948 1154 995 rursum
1199 925 1491 991 inductas
1538 916 1705 985 1230
1741 928 1855 992 (an
1888 909 2138 989 12:352)
2182 920 2250 974 et
2296 908 2459 975 1188
2505 916 2629 981 (uu

405 1066 620 1136 1185?
665 1085 745 1129 un
789 1057 1053 1137 11872).
1138 1058 1437 1139 Scriptus
1480 1062 1584 1117 est
1622 1050 1881 1115 saeculo
1911 1066 2003 1117 xt.
2044 1049 2107 1110 in
2138 1062 2365 1111 ccxm.
2397 1060 2611 1105 mem-

402 1202 621 1268 branis
668 1200 910 1262 formae
958 1194 1314 1273 maximae,
1358 1203 1717 1272 quanquam
1765 1202 1890 1246 non
1932 1179 2314 1264 pergrandis
2354 1195 2626 1242 mensu-

404 1353 518 1399 ree
543 1378 562 1414 ,
622 1350 891 1415 quarum
946 1327 1113 1391 duae
1158 1326 1415 1390 ultimae
1457 1330 1696 1386 vacent
1752 1319 2103 1402 scripturus
2164 1314 2285 1381 sed
2342 1317 2629 1396 scriptus

411 1487 534 1535 neo
573 1487 701 1533 une
766 1484 956 1530 manu
1000 1472 1067 1527 et
1107 1478 1308 1544 saepe
1350 1458 1543 1524 valde
1585 1457 1760 1540 rudi,
1820 1455 2206 1536 omninoque
2258 1451 2422 1515 satis
2481 1448 2628 1515 dis-

408 1605 562 1688 pari
624 1600 888 1664 ratione.
986 1596 1157 1659 Nem
1216 1611 1357 1658 cum
1425 1589 1597 1654 haud
1644 1608 1825 1668 raro,
1891 1588 2059 1652 nulle
2111 1594 2325 1651 tamen
2380 1584 2444 1648 in
2498 1581 2627 1645 hoo

408 1752 663 1818 genere
705 1731 1088 1809 constantia,
1130 1727 1419 1791 bifariam
1462 1723 1706 1786 divisus
1749 1721 2021 1813 paginas
2065 1718 2325 1798 habeat,
2373 1733 2625 1779 rursum

411 1875 626 1930 autem
689 1863 750 1924 in
791 1861 893 1923 his
930 1857 1279 1923 incredibili
1319 1856 1742 1922 inconstantia
1785 1852 2101 1934 duplicem
2157 1845 2627 1915 continuando-

409 2016 555 2061 rum
600 2013 903 2058 versuum
950 1991 1266 2058 ordinem:
1326 1988 1496 2073 quod
1541 1989 1728 2071 quale
1769 1987 1852 2051 sit
1908 1985 2297 2065 explicatum
2342 1988 2446 2042 est
2487 1980 2626 2041 Pn-

410 2146 589 2209 rerg.
634 2147 696 2208 1,
744 2145 804 2209 p.
846 2125 973 2188 488
1016 2140 1157 2205 δεμ
1223 2130 1352 2186 tum
1406 2122 1571 2184 ulias
1612 2120 1675 2182 in
1717 2117 1859 2181 aliis
1901 2115 2187 2198 partibus
2229 2128 2455 2175 manus
2497 2129 2626 2191 ap-

413 2268 603 2345 paret
659 2258 886 2324 eodem
945 2267 1232 2339 tempore
1289 2255 1376 2316 ita
1438 2259 1793 2333 occupatas
1843 2249 2087 2329 fuisse,
2145 2255 2217 2308 ut
2271 2265 2313 2309 a
2349 2245 2627 2328 singulis

413 2392 688 2458 librariis
717 2437 735 2469 ,
795 2389 1122 2454 monachis
1167 2387 1387 2470 opinor
1429 2383 1716 2450 coenobii
1759 2380 2032 2447 alicuius
2074 2376 2436 2442 Germanici
2481 2375 2627 2439 eis-

414 2543 541 2606 que
593 2522 786 2588 valde
824 2522 1131 2600 indoctis,
1191 2522 1454 2605 singula
1510 2536 1712 2601 pensa
1765 2516 2238 2581 conficerentur.
2326 2512 2472 2592 Quo
2513 2512 2625 2576 fu-

411 2662 587 2720 ctum
653 2663 759 2718 est
812 2663 882 2718 ut
923 2663 990 2717 et
1046 2651 1443 2734 quarundam
1502 2649 1874 2733 paginarum
1935 2656 2154 2731 partes
2206 2655 2403 2728 utque
2457 2644 2627 2708 a‘deo

412 2787 731 2870 quaedam
779 2786 1052 2867 paginae
1095 2785 1385 2867 integrae
1428 2800 1690 2865 prorsus
1744 2799 1995 2846 vacuae
2037 2782 2298 2845 relictae
2337 2780 2503 2859 sint,
2558 2789 2627 2845 et

411 2918 783 3003 quibusdam
844 2917 908 2981 in
946 2916 1109 2979 locis
1150 2915 1360 2977 iustae
1401 2932 1738 2978 mensurae
1786 2891 2303 2996 quaternionibus
2314 2956 2340 2995 ,
2397 2919 2468 2974 nt
2512 2914 2621 2996 qui

412 3074 578 3140 quas
620 3054 924 3118 deberent
949 3054 1153 3116 Plauti
1186 3063 1406 3135 partes
1434 3070 1556 3114 non
1597 3056 1923 3130 cuperent,
1965 3065 2178 3112 novae
2219 3044 2630 3108 membranae

414 3188 827 3272 postmodnm
912 3186 1286 3250 inserendae
1359 3184 1634 3248 fuerint:
1717 3199 1979 3265 quarum
2053 3197 2262 3242 rerum
2327 3175 2631 3256 exempla

419 3319 744 3385 Poenulus
804 3315 1202 3399 potissimum
1266 3321 1334 3376 et
1398 3314 1608 3378 Perse
1670 3310 2033 3375 ostendunt.
2118 3307 2404 3371 Indidem
2469 3304 2626 3368 illud

417 3454 862 3536 explicandum
909 3452 1100 3536 quod,
1141 3471 1286 3516 cum
1327 3454 1669 3535 pleraeque
1712 3450 1986 3533 paginae
2027 3448 2313 3510 binorum
2342 3452 2409 3507 et
2432 3443 2627 3525 quin-

412 3593 853 3672 quagenorum
913 3606 1221 3651 versuum
1284 3588 1454 3666 sint,
1520 3594 1730 3648 tamen
1785 3584 1849 3646 in
1906 3581 2048 3645 aliis
2090 3580 2146 3642 is
2198 3593 2498 3640 numerus
2544 3573 2630 3638 ad

420 3736 557 3785 mv,
600 3728 830 3782 auctus
891 3727 1030 3800 est,
1087 3720 1148 3782 in
1197 3719 1342 3782 aliis
1401 3737 1515 3800 per
1557 3716 1776 3778 varios
1821 3714 2067 3797 gradus
2110 3713 2199 3774 its
2239 3710 2628 3789 imminutae,

413 3860 482 3915 ut
524 3859 783 3916 exstent
826 3853 887 3915 in
929 3854 1155 3935 quibus
1198 3861 1457 3935 propter
1520 3852 1840 3916 insolitam
1897 3850 2241 3912 litterarum
2286 3842 2624 3925 gratidiu-

413 3995 543 4052 tem
601 4006 833 4052 xxxiv.
890 3996 1135 4050 tantum
1196 3987 1417 4069 scripti
1478 3990 1628 4049 sint.
1731 3982 2030 4048 Ceterum
2090 3981 2260 4043 hunc
2326 3976 2624 4042 codicem

417 4122 754 4187 sciendum
801 4131 907 4186 est
950 4122 1283 4187 Plautinus
1331 4120 1583 4184 fabulas
1629 4137 1742 4182 xx.
1783 4134 2131 4180 omnes·eo
2172 4114 2281 4196 qui
2320 4113 2631 4196 vulgatur

411 4252 634 4319 ordine
669 4254 1009 4335 complecti
1063 4271 1189 4317 uns
1218 4270 1364 4316 cum
1399 4249 1971 4316 vmthRlAm
2014 4246 2422 4327 inscriptione
2448 4245 2631 4307 Tru-
