<?xml version="1.0" encoding="UTF-8"?>
<!DOCTYPE html PUBLIC "-//W3C//DTD XHTML 1.0 Transitional//EN"
    "http://www.w3.org/TR/xhtml1/DTD/xhtml1-transitional.dtd">
<html xmlns="http://www.w3.org/1999/xhtml" xml:lang="en" lang="en">
 <head>
  <title>
</title>
<meta http-equiv="Content-Type" content="text/html;charset=utf-8" />
  <meta name='ocr-system' content='tesseract 3.04.00' />
  <meta name='ocr-capabilities' content='ocr_page ocr_carea ocr_par ocr_line ocrx_word'/>
</head>
<body>
  <div class='ocr_page' id='page_1' title='image "./tmacciplauticom03ritsgoog_0039.png"; bbox 0 0 2824 4890; ppageno 0'>
   <div class='ocr_carea' id='block_1_1' title="bbox 1951 383 2218 451">
    <p class='ocr_par' dir='ltr' id='par_1_1' title="bbox 1951 383 2218 451">
     <span class='ocr_line' id='line_1_1' title="bbox 1951 383 2218 451; baseline 0.007 -6"><span class='ocrx_word' id='word_1_1' title='bbox 1951 383 2218 451; x_wconf 86' lang='lat' dir='ltr'>XXXV</span> 
     </span>
    </p>
   </div>
   <div class='ocr_carea' id='block_1_2' title="bbox 94 561 2216 917">
    <p class='ocr_par' dir='ltr' id='par_1_2' title="bbox 94 561 2216 917">
     <span class='ocr_line' id='line_1_2' title="bbox 224 561 2216 655; baseline 0.011 -31"><span class='ocrx_word' id='word_1_2' title='bbox 224 562 312 631; x_wconf 78' lang='grc' dir='ltr'><strong>Η</strong></span> <span class='ocrx_word' id='word_1_3' title='bbox 354 565 784 626; x_wconf 73' lang='lat' dir='ltr'><strong>Vaticanus</strong></span> <span class='ocrx_word' id='word_1_4' title='bbox 832 561 1016 645; x_wconf 76' lang='lat'><strong>1632,</strong></span> <span class='ocrx_word' id='word_1_5' title='bbox 1059 564 1120 628; x_wconf 92' lang='lat' dir='ltr'><strong>in</strong></span> <span class='ocrx_word' id='word_1_6' title='bbox 1166 582 1503 635; x_wconf 74' lang='lat' dir='ltr'><strong>chxxxn.</strong></span> <span class='ocrx_word' id='word_1_7' title='bbox 1548 577 1930 655; x_wconf 76' lang='lat' dir='ltr'><strong>membranis</strong></span> <span class='ocrx_word' id='word_1_8' title='bbox 1971 581 2216 646; x_wconf 78' lang='lat' dir='ltr'><strong>formae</strong></span> 
     </span>
     <span class='ocr_line' id='line_1_3' title="bbox 95 692 2216 785; baseline 0.008 -29"><span class='ocrx_word' id='word_1_9' title='bbox 95 695 407 776; x_wconf 76' lang='lat' dir='ltr'><strong>quadratae,</strong></span> <span class='ocrx_word' id='word_1_10' title='bbox 464 711 753 754; x_wconf 86' lang='lat' dir='ltr'><strong>versuum</strong></span> <span class='ocrx_word' id='word_1_11' title='bbox 800 692 862 754; x_wconf 91' lang='lat' dir='ltr'><strong>in</strong></span> <span class='ocrx_word' id='word_1_12' title='bbox 905 694 1177 776; x_wconf 87' lang='lat' dir='ltr'><strong>singulis</strong></span> <span class='ocrx_word' id='word_1_13' title='bbox 1220 701 1474 780; x_wconf 77' lang='lat' dir='ltr'>paginis</span> <span class='ocrx_word' id='word_1_14' title='bbox 1519 721 1739 785; x_wconf 84' lang='lat' dir='ltr'><strong>xxxn,</strong></span> <span class='ocrx_word' id='word_1_15' title='bbox 1798 709 2060 771; x_wconf 88' lang='lat' dir='ltr'><strong>sacculo</strong></span> <span class='ocrx_word' id='word_1_16' title='bbox 2102 729 2216 785; x_wconf 81' lang='lat' dir='ltr'><strong>xv.</strong></span> 
     </span>
     <span class='ocr_line' id='line_1_4' title="bbox 94 808 2214 917; baseline 0.006 -26"><span class='ocrx_word' id='word_1_17' title='bbox 94 830 311 911; x_wconf 82' lang='lat' dir='ltr'><strong>scriptas</strong></span> <span class='ocrx_word' id='word_1_18' title='bbox 352 829 586 890; x_wconf 81' lang='lat' dir='ltr'><strong>fabulas</strong></span> <span class='ocrx_word' id='word_1_19' title='bbox 626 847 740 890; x_wconf 65' lang='grc' dir='ltr'><strong>χιι.</strong></span> <span class='ocrx_word' id='word_1_20' title='bbox 783 831 1170 911; x_wconf 80' lang='lat' dir='ltr'><strong>posteriores</strong></span> <span class='ocrx_word' id='word_1_21' title='bbox 1216 808 1464 917; x_wconf 81' lang='lat' dir='ltr'><strong>tenens,</strong></span> <span class='ocrx_word' id='word_1_22' title='bbox 1506 839 1650 898; x_wconf 90' lang='lat' dir='ltr'><strong>sine</strong></span> <span class='ocrx_word' id='word_1_23' title='bbox 1674 839 1795 900; x_wconf 85' lang='lat' dir='ltr'><strong>ulla</strong></span> <span class='ocrx_word' id='word_1_24' title='bbox 1827 841 1935 901; x_wconf 86' lang='lat' dir='ltr'><strong>vel</strong></span> <span class='ocrx_word' id='word_1_25' title='bbox 1971 841 2028 901; x_wconf 89' lang='lat' dir='ltr'><strong>in</strong></span> <span class='ocrx_word' id='word_1_26' title='bbox 2053 858 2214 904; x_wconf 90' lang='lat' dir='ltr'><strong>sce·-</strong></span> 
     </span>
    </p>
   </div>
   <div class='ocr_carea' id='block_1_3' title="bbox 89 959 2217 1054">
    <p class='ocr_par' dir='ltr' id='par_1_3' title="bbox 89 959 2217 1054">
     <span class='ocr_line' id='line_1_5' title="bbox 89 959 2217 1054; baseline 0.007 -33"><span class='ocrx_word' id='word_1_27' title='bbox 89 980 261 1023; x_wconf 85' lang='lat' dir='ltr'><strong>narum</strong></span> <span class='ocrx_word' id='word_1_28' title='bbox 278 962 450 1022; x_wconf 89' lang='lat' dir='ltr'><strong>initiis</strong></span> <span class='ocrx_word' id='word_1_29' title='bbox 474 960 576 1022; x_wconf 85' lang='lat' dir='ltr'><strong>vel</strong></span> <span class='ocrx_word' id='word_1_30' title='bbox 598 960 658 1021; x_wconf 93' lang='lat' dir='ltr'><strong>in</strong></span> <span class='ocrx_word' id='word_1_31' title='bbox 679 959 837 1040; x_wconf 90' lang='lat' dir='ltr'><strong>ipsis</strong></span> <span class='ocrx_word' id='word_1_32' title='bbox 866 962 1274 1024; x_wconf 80' lang='lat' dir='ltr'><strong>sermonibus</strong></span> <span class='ocrx_word' id='word_1_33' title='bbox 1295 982 1706 1045; x_wconf 83' lang='lat' dir='ltr'><strong>personarum</strong></span> <span class='ocrx_word' id='word_1_34' title='bbox 1731 971 2217 1054; x_wconf 84' lang='lat' dir='ltr'><strong>significatione.</strong></span> 
     </span>
    </p>
   </div>
   <div class='ocr_carea' id='block_1_4' title="bbox 91 1132 2216 1353">
    <p class='ocr_par' dir='ltr' id='par_1_4' title="bbox 91 1132 2216 1353">
     <span class='ocr_line' id='line_1_6' title="bbox 215 1132 2215 1216; baseline 0.001 -15"><span class='ocrx_word' id='word_1_35' title='bbox 215 1133 306 1201; x_wconf 75' lang='lat' dir='ltr'>K</span> <span class='ocrx_word' id='word_1_36' title='bbox 347 1136 808 1197; x_wconf 85' lang='lat' dir='ltr'><strong>Vaticanus</strong></span> <span class='ocrx_word' id='word_1_37' title='bbox 859 1132 1020 1197; x_wconf 79' lang='lat'><strong>16:33</strong></span> <span class='ocrx_word' id='word_1_38' title='bbox 1066 1133 1352 1196; x_wconf 89' lang='lat' dir='ltr'><strong>eiusdem</strong></span> <span class='ocrx_word' id='word_1_39' title='bbox 1394 1136 1667 1216; x_wconf 84' lang='lat' dir='ltr'><strong>saeculi,</strong></span> <span class='ocrx_word' id='word_1_40' title='bbox 1715 1139 2215 1202; x_wconf 87' lang='lat' dir='ltr'><strong>membranarum</strong></span> 
     </span>
     <span class='ocr_line' id='line_1_7' title="bbox 91 1270 2216 1353; baseline 0 -19"><span class='ocrx_word' id='word_1_41' title='bbox 91 1290 461 1336; x_wconf 70' lang='lat' dir='ltr'><strong>cccnxxxxm.</strong></span> <span class='ocrx_word' id='word_1_42' title='bbox 500 1272 747 1334; x_wconf 82' lang='lat' dir='ltr'><strong>formae</strong></span> <span class='ocrx_word' id='word_1_43' title='bbox 788 1272 1152 1350; x_wconf 84' lang='lat' dir='ltr'><strong>maximae,</strong></span> <span class='ocrx_word' id='word_1_44' title='bbox 1195 1288 1498 1331; x_wconf 86' lang='lat' dir='ltr'><strong>versuum</strong></span> <span class='ocrx_word' id='word_1_45' title='bbox 1546 1270 1604 1330; x_wconf 88' lang='lat' dir='ltr'><strong>in</strong></span> <span class='ocrx_word' id='word_1_46' title='bbox 1651 1270 1919 1350; x_wconf 84' lang='lat' dir='ltr'><strong>singulis</strong></span> <span class='ocrx_word' id='word_1_47' title='bbox 1963 1273 2216 1353; x_wconf 78' lang='lat' dir='ltr'><strong>paginis</strong></span> 
     </span>
    </p>
   </div>
   <div class='ocr_carea' id='block_1_5' title="bbox 39 1368 2214 1484">
    <p class='ocr_par' dir='ltr' id='par_1_5' title="bbox 39 1368 2214 1484">
     <span class='ocr_line' id='line_1_8' title="bbox 39 1368 2214 1484; baseline 0.001 -18"><span class='ocrx_word' id='word_1_48' title='bbox 39 1368 224 1468; x_wconf 54' lang='lat' dir='ltr'><strong>&#39;mm</strong></span> <span class='ocrx_word' id='word_1_49' title='bbox 310 1405 693 1469; x_wconf 81' lang='lat' dir='ltr'><strong>Comoedias</strong></span> <span class='ocrx_word' id='word_1_50' title='bbox 769 1404 1205 1484; x_wconf 75' lang='lat' dir='ltr'><strong>complectitur</strong></span> <span class='ocrx_word' id='word_1_51' title='bbox 1262 1419 1522 1482; x_wconf 91' lang='lat' dir='ltr'><strong>omnes,</strong></span> <span class='ocrx_word' id='word_1_52' title='bbox 1587 1403 1705 1464; x_wconf 90' lang='lat' dir='ltr'><strong>sed</strong></span> <span class='ocrx_word' id='word_1_53' title='bbox 1764 1412 1834 1464; x_wconf 91' lang='lat' dir='ltr'><strong>ut</strong></span> <span class='ocrx_word' id='word_1_54' title='bbox 1893 1406 2214 1469; x_wconf 74' lang='lat' dir='ltr'><strong>Aulularia</strong></span> 
     </span>
    </p>
   </div>
   <div class='ocr_carea' id='block_1_6' title="bbox 72 1534 2232 3627">
    <p class='ocr_par' dir='ltr' id='par_1_6' title="bbox 72 1534 2232 3627">
     <span class='ocr_line' id='line_1_9' title="bbox 94 1534 2218 1619; baseline 0.002 -23"><span class='ocrx_word' id='word_1_55' title='bbox 94 1547 324 1617; x_wconf 84' lang='lat' dir='ltr'><strong>sequatur</strong></span> <span class='ocrx_word' id='word_1_56' title='bbox 362 1537 733 1619; x_wconf 76' lang='lat' dir='ltr'><strong>Epidicum,</strong></span> <span class='ocrx_word' id='word_1_57' title='bbox 789 1556 827 1596; x_wconf 89' lang='lat' dir='ltr'><strong>c</strong></span> <span class='ocrx_word' id='word_1_58' title='bbox 869 1534 1330 1616; x_wconf 84' lang='lat' dir='ltr'><strong>posterioribus</strong></span> <span class='ocrx_word' id='word_1_59' title='bbox 1385 1543 1595 1596; x_wconf 85' lang='lat' dir='ltr'><strong>autem</strong></span> <span class='ocrx_word' id='word_1_60' title='bbox 1644 1554 1758 1597; x_wconf 79' lang='lat' dir='ltr'><strong>xil.</strong></span> <span class='ocrx_word' id='word_1_61' title='bbox 1808 1555 1959 1598; x_wconf 88' lang='lat' dir='ltr'><strong>casu</strong></span> <span class='ocrx_word' id='word_1_62' title='bbox 2006 1543 2218 1619; x_wconf 87' lang='lat' dir='ltr'><strong>potius</strong></span> 
     </span>
     <span class='ocr_line' id='line_1_10' title="bbox 85 1668 2222 1756; baseline 0.001 -24"><span class='ocrx_word' id='word_1_63' title='bbox 85 1682 137 1733; x_wconf 87' lang='lat' dir='ltr'><strong>ut</strong></span> <span class='ocrx_word' id='word_1_64' title='bbox 182 1675 393 1736; x_wconf 80' lang='lat' dir='ltr'><strong>videtur</strong></span> <span class='ocrx_word' id='word_1_65' title='bbox 449 1691 649 1756; x_wconf 86' lang='lat' dir='ltr'><strong>quam</strong></span> <span class='ocrx_word' id='word_1_66' title='bbox 710 1671 973 1734; x_wconf 89' lang='lat' dir='ltr'><strong>consilio</strong></span> <span class='ocrx_word' id='word_1_67' title='bbox 1033 1669 1128 1731; x_wconf 91' lang='lat' dir='ltr'><strong>eis</strong></span> <span class='ocrx_word' id='word_1_68' title='bbox 1186 1669 1464 1750; x_wconf 89' lang='lat' dir='ltr'><strong>quinque</strong></span> <span class='ocrx_word' id='word_1_69' title='bbox 1515 1668 1783 1749; x_wconf 80' lang='lat' dir='ltr'><strong>sabulis,</strong></span> <span class='ocrx_word' id='word_1_70' title='bbox 1842 1687 2008 1750; x_wconf 87' lang='lat' dir='ltr'><strong>quae</strong></span> <span class='ocrx_word' id='word_1_71' title='bbox 2068 1682 2222 1735; x_wconf 87' lang='lat' dir='ltr'><strong>sunt</strong></span> 
     </span>
     <span class='ocr_line' id='line_1_11' title="bbox 81 1800 2220 1888; baseline -0 -22"><span class='ocrx_word' id='word_1_72' title='bbox 81 1806 281 1887; x_wconf 83' lang='lat' dir='ltr'><strong>primae,</strong></span> <span class='ocrx_word' id='word_1_73' title='bbox 306 1807 699 1888; x_wconf 89' lang='lat' dir='ltr'><strong>praemissae</strong></span> <span class='ocrx_word' id='word_1_74' title='bbox 742 1804 868 1865; x_wconf 86' lang='lat' dir='ltr'><strong>sint</strong></span> <span class='ocrx_word' id='word_1_75' title='bbox 914 1803 1195 1883; x_wconf 87' lang='lat' dir='ltr'><strong>reliquae</strong></span> <span class='ocrx_word' id='word_1_76' title='bbox 1236 1810 1485 1881; x_wconf 82' lang='lat' dir='ltr'><strong>septem</strong></span> <span class='ocrx_word' id='word_1_77' title='bbox 1522 1800 1907 1863; x_wconf 85' lang='lat' dir='ltr'><strong>aPseudulo</strong></span> <span class='ocrx_word' id='word_1_78' title='bbox 1941 1802 2022 1864; x_wconf 88' lang='lat' dir='ltr'><strong>ad</strong></span> <span class='ocrx_word' id='word_1_79' title='bbox 2049 1803 2220 1865; x_wconf 79' lang='lat' dir='ltr'><strong>&#39;l’ru-</strong></span> 
     </span>
     <span class='ocr_line' id='line_1_12' title="bbox 81 1933 2217 2016; baseline 0.002 -19"><span class='ocrx_word' id='word_1_80' title='bbox 81 1939 350 2002; x_wconf 83' lang='lat' dir='ltr'><strong>culeutum.</strong></span> <span class='ocrx_word' id='word_1_81' title='bbox 379 1974 454 1986; x_wconf 89' lang='lat'>—</span> <span class='ocrx_word' id='word_1_82' title='bbox 485 1941 738 2001; x_wconf 85' lang='lat' dir='ltr'><strong>Horum</strong></span> <span class='ocrx_word' id='word_1_83' title='bbox 770 1936 1224 1998; x_wconf 79' lang='lat' dir='ltr'><strong>vaticanorum</strong></span> <span class='ocrx_word' id='word_1_84' title='bbox 1273 1952 1436 2016; x_wconf 88' lang='lat' dir='ltr'><strong>quos</strong></span> <span class='ocrx_word' id='word_1_85' title='bbox 1482 1936 1739 1998; x_wconf 85' lang='lat' dir='ltr'><strong>saeculo</strong></span> <span class='ocrx_word' id='word_1_86' title='bbox 1786 1953 1924 2002; x_wconf 71' lang='grc' dir='ltr'><strong>ΧΠ.</strong></span> <span class='ocrx_word' id='word_1_87' title='bbox 1968 1933 2217 2001; x_wconf 85' lang='lat' dir='ltr'><strong>Romae</strong></span> 
     </span>
     <span class='ocr_line' id='line_1_13' title="bbox 82 2066 2222 2156; baseline 0.002 -26"><span class='ocrx_word' id='word_1_88' title='bbox 82 2075 431 2156; x_wconf 84' lang='lat' dir='ltr'><strong>peregrinans</strong></span> <span class='ocrx_word' id='word_1_89' title='bbox 477 2077 727 2135; x_wconf 76' lang='lat' dir='ltr'><strong>lus&#39;rvs</strong></span> <span class='ocrx_word' id='word_1_90' title='bbox 757 2071 1024 2131; x_wconf 74' lang='lat' dir='ltr'><strong>L1ps1us</strong></span> <span class='ocrx_word' id='word_1_91' title='bbox 1064 2067 1446 2147; x_wconf 83' lang='lat' dir='ltr'><strong>inspexerit,</strong></span> <span class='ocrx_word' id='word_1_92' title='bbox 1489 2066 1786 2129; x_wconf 76' lang='lat' dir='ltr'><strong>dicamini</strong></span> <span class='ocrx_word' id='word_1_93' title='bbox 1827 2071 2222 2149; x_wconf 82' lang='lat' dir='ltr'><strong>praefatione</strong></span> 
     </span>
     <span class='ocr_line' id='line_1_14' title="bbox 78 2201 2220 2287; baseline 0.005 -26"><span class='ocrx_word' id='word_1_94' title='bbox 78 2202 249 2267; x_wconf 77' lang='lat' dir='ltr'><strong>Militis</strong></span> <span class='ocrx_word' id='word_1_95' title='bbox 287 2206 593 2287; x_wconf 87' lang='lat' dir='ltr'><strong>gloriosi,</strong></span> <span class='ocrx_word' id='word_1_96' title='bbox 652 2202 733 2266; x_wconf 91' lang='lat' dir='ltr'><strong>ad</strong></span> <span class='ocrx_word' id='word_1_97' title='bbox 779 2221 968 2285; x_wconf 84' lang='lat' dir='ltr'><strong>quam</strong></span> <span class='ocrx_word' id='word_1_98' title='bbox 1013 2201 1289 2264; x_wconf 84' lang='lat' dir='ltr'><strong>fabulam</strong></span> <span class='ocrx_word' id='word_1_99' title='bbox 1338 2201 1501 2263; x_wconf 87' lang='lat' dir='ltr'><strong>illius</strong></span> <span class='ocrx_word' id='word_1_100' title='bbox 1543 2202 1602 2265; x_wconf 93' lang='lat' dir='ltr'><strong>in</strong></span> <span class='ocrx_word' id='word_1_101' title='bbox 1648 2205 1948 2287; x_wconf 84' lang='lat' dir='ltr'><strong>Antiquis</strong></span> <span class='ocrx_word' id='word_1_102' title='bbox 1990 2208 2220 2272; x_wconf 87' lang='lat' dir='ltr'><strong>lectio-</strong></span> 
     </span>
     <span class='ocr_line' id='line_1_15' title="bbox 73 2340 2217 2420; baseline 0.003 -19"><span class='ocrx_word' id='word_1_103' title='bbox 73 2341 218 2405; x_wconf 82' lang='lat' dir='ltr'><strong>nibus</strong></span> <span class='ocrx_word' id='word_1_104' title='bbox 264 2344 623 2409; x_wconf 86' lang='lat' dir='ltr'><strong>testimonia</strong></span> <span class='ocrx_word' id='word_1_105' title='bbox 683 2343 963 2404; x_wconf 87' lang='lat' dir='ltr'><strong>maxima</strong></span> <span class='ocrx_word' id='word_1_106' title='bbox 1027 2360 1112 2402; x_wconf 84' lang='lat' dir='ltr'><strong>ex</strong></span> <span class='ocrx_word' id='word_1_107' title='bbox 1176 2347 1358 2420; x_wconf 89' lang='lat' dir='ltr'><strong>parte</strong></span> <span class='ocrx_word' id='word_1_108' title='bbox 1420 2340 1754 2419; x_wconf 87' lang='lat' dir='ltr'><strong>pertinent.</strong></span> <span class='ocrx_word' id='word_1_109' title='bbox 1865 2344 2217 2408; x_wconf 79' lang='lat' dir='ltr'><strong>&#39;i&#39;riiiummi</strong></span> 
     </span>
     <span class='ocr_line' id='line_1_16' title="bbox 74 2449 2219 2560; baseline 0.004 -26"><span class='ocrx_word' id='word_1_110' title='bbox 74 2485 236 2540; x_wconf 87' lang='lat' dir='ltr'><strong>autem</strong></span> <span class='ocrx_word' id='word_1_111' title='bbox 282 2482 389 2543; x_wconf 87' lang='lat' dir='ltr'><strong>etsi</strong></span> <span class='ocrx_word' id='word_1_112' title='bbox 450 2480 749 2560; x_wconf 80' lang='lat' dir='ltr'><strong>plenam,</strong></span> <span class='ocrx_word' id='word_1_113' title='bbox 807 2449 996 2558; x_wconf 67' lang='lat' dir='ltr'><strong>quam</strong></span> <span class='ocrx_word' id='word_1_114' title='bbox 1043 2475 1101 2535; x_wconf 90' lang='lat' dir='ltr'><strong>in</strong></span> <span class='ocrx_word' id='word_1_115' title='bbox 1151 2483 1440 2555; x_wconf 88' lang='lat' dir='ltr'><strong>promptu</strong></span> <span class='ocrx_word' id='word_1_116' title='bbox 1502 2476 1747 2559; x_wconf 89' lang='lat' dir='ltr'><strong>habeo,</strong></span> <span class='ocrx_word' id='word_1_117' title='bbox 1811 2495 1955 2541; x_wconf 87' lang='lat' dir='ltr'><strong>cum</strong></span> <span class='ocrx_word' id='word_1_118' title='bbox 2018 2480 2219 2543; x_wconf 86' lang='lat' dir='ltr'><strong>tribus</strong></span> 
     </span>
     <span class='ocr_line' id='line_1_17' title="bbox 74 2608 2225 2678; baseline 0.004 -8"><span class='ocrx_word' id='word_1_119' title='bbox 74 2608 347 2676; x_wconf 72' lang='lat' dir='ltr'><strong>Vaticanis</strong></span> <span class='ocrx_word' id='word_1_120' title='bbox 389 2615 799 2677; x_wconf 83' lang='lat' dir='ltr'><strong>collationem</strong></span> <span class='ocrx_word' id='word_1_121' title='bbox 847 2611 925 2673; x_wconf 91' lang='lat' dir='ltr'><strong>ab</strong></span> <span class='ocrx_word' id='word_1_122' title='bbox 969 2611 1140 2672; x_wconf 91' lang='lat' dir='ltr'><strong>initio</strong></span> <span class='ocrx_word' id='word_1_123' title='bbox 1185 2619 1537 2674; x_wconf 76' lang='lat' dir='ltr'><strong>statueram</strong></span> <span class='ocrx_word' id='word_1_124' title='bbox 1585 2618 1648 2675; x_wconf 91' lang='lat' dir='ltr'><strong>in</strong></span> <span class='ocrx_word' id='word_1_125' title='bbox 1689 2616 2093 2676; x_wconf 88' lang='lat' dir='ltr'><strong>annotatione</strong></span> <span class='ocrx_word' id='word_1_126' title='bbox 2123 2619 2225 2678; x_wconf 89' lang='lat' dir='ltr'><strong>in-</strong></span> 
     </span>
     <span class='ocr_line' id='line_1_18' title="bbox 77 2741 2224 2828; baseline 0.007 -29"><span class='ocrx_word' id='word_1_127' title='bbox 77 2748 269 2821; x_wconf 83' lang='lat' dir='ltr'><strong>tegram</strong></span> <span class='ocrx_word' id='word_1_128' title='bbox 309 2765 696 2828; x_wconf 86' lang='lat' dir='ltr'><strong>proponere,</strong></span> <span class='ocrx_word' id='word_1_129' title='bbox 741 2753 952 2805; x_wconf 89' lang='lat' dir='ltr'><strong>tamen</strong></span> <span class='ocrx_word' id='word_1_130' title='bbox 980 2741 1349 2804; x_wconf 78' lang='lat' dir='ltr'><strong>afferendae</strong></span> <span class='ocrx_word' id='word_1_131' title='bbox 1386 2746 1740 2825; x_wconf 85' lang='lat' dir='ltr'><strong>scripturae</strong></span> <span class='ocrx_word' id='word_1_132' title='bbox 1783 2748 2057 2810; x_wconf 86' lang='lat' dir='ltr'><strong>taedium</strong></span> <span class='ocrx_word' id='word_1_133' title='bbox 2099 2770 2224 2814; x_wconf 88' lang='lat' dir='ltr'><strong>non</strong></span> 
     </span>
     <span class='ocr_line' id='line_1_19' title="bbox 79 2876 2229 2963; baseline 0.006 -29"><span class='ocrx_word' id='word_1_134' title='bbox 79 2881 215 2951; x_wconf 85' lang='lat' dir='ltr'><strong>potui</strong></span> <span class='ocrx_word' id='word_1_135' title='bbox 256 2882 406 2942; x_wconf 85' lang='lat' dir='ltr'><strong>ultra</strong></span> <span class='ocrx_word' id='word_1_136' title='bbox 460 2880 739 2963; x_wconf 85' lang='lat' dir='ltr'><strong>primum</strong></span> <span class='ocrx_word' id='word_1_137' title='bbox 796 2885 1006 2939; x_wconf 89' lang='lat' dir='ltr'><strong>actum</strong></span> <span class='ocrx_word' id='word_1_138' title='bbox 1070 2876 1326 2938; x_wconf 82' lang='lat' dir='ltr'><strong>fabulae</strong></span> <span class='ocrx_word' id='word_1_139' title='bbox 1385 2897 1821 2960; x_wconf 75' lang='lat' dir='ltr'><strong>concoqueret</strong></span> <span class='ocrx_word' id='word_1_140' title='bbox 1887 2889 2015 2945; x_wconf 84' lang='lat' dir='ltr'><strong>tam</strong></span> <span class='ocrx_word' id='word_1_141' title='bbox 2074 2884 2229 2948; x_wconf 90' lang='lat' dir='ltr'><strong>nihil</strong></span> 
     </span>
     <span class='ocr_line' id='line_1_20' title="bbox 76 3013 2227 3098; baseline 0.006 -30"><span class='ocrx_word' id='word_1_142' title='bbox 76 3013 157 3071; x_wconf 79' lang='lat' dir='ltr'><strong>vel</strong></span> <span class='ocrx_word' id='word_1_143' title='bbox 206 3017 256 3076; x_wconf 85' lang='lat' dir='ltr'><strong>iu</strong></span> <span class='ocrx_word' id='word_1_144' title='bbox 316 3019 519 3081; x_wconf 84' lang='lat' dir='ltr'><strong>Plauti</strong></span> <span class='ocrx_word' id='word_1_145' title='bbox 593 3033 844 3076; x_wconf 88' lang='lat' dir='ltr'><strong>manum</strong></span> <span class='ocrx_word' id='word_1_146' title='bbox 910 3014 1382 3077; x_wconf 82' lang='lat' dir='ltr'><strong>instaurandam</strong></span> <span class='ocrx_word' id='word_1_147' title='bbox 1448 3017 1554 3078; x_wconf 89' lang='lat' dir='ltr'><strong>vel</strong></span> <span class='ocrx_word' id='word_1_148' title='bbox 1622 3016 1682 3077; x_wconf 91' lang='lat' dir='ltr'><strong>in</strong></span> <span class='ocrx_word' id='word_1_149' title='bbox 1747 3016 2227 3098; x_wconf 81' lang='lat' dir='ltr'><strong>depravationis</strong></span> 
     </span>
     <span class='ocr_line' id='line_1_21' title="bbox 80 3144 2226 3231; baseline 0.006 -29"><span class='ocrx_word' id='word_1_150' title='bbox 80 3160 294 3208; x_wconf 80' lang='lat' dir='ltr'><strong>caussas</strong></span> <span class='ocrx_word' id='word_1_151' title='bbox 346 3148 723 3231; x_wconf 85' lang='lat' dir='ltr'><strong>gradusque</strong></span> <span class='ocrx_word' id='word_1_152' title='bbox 769 3144 1271 3226; x_wconf 87' lang='lat' dir='ltr'><strong>perspiciendos·</strong></span> <span class='ocrx_word' id='word_1_153' title='bbox 1300 3148 1469 3209; x_wconf 91' lang='lat' dir='ltr'><strong>illinc</strong></span> <span class='ocrx_word' id='word_1_154' title='bbox 1527 3147 1879 3212; x_wconf 85' lang='lat' dir='ltr'><strong>redundare</strong></span> <span class='ocrx_word' id='word_1_155' title='bbox 1921 3152 2226 3214; x_wconf 79' lang='lat' dir='ltr'><strong>intellexi.</strong></span> 
     </span>
     <span class='ocr_line' id='line_1_22' title="bbox 81 3272 2227 3361; baseline 0.005 -27"><span class='ocrx_word' id='word_1_156' title='bbox 81 3272 146 3334; x_wconf 80' lang='lat' dir='ltr'><strong>Vt</strong></span> <span class='ocrx_word' id='word_1_157' title='bbox 197 3283 493 3343; x_wconf 82' lang='lat' dir='ltr'><strong>cumulata</strong></span> <span class='ocrx_word' id='word_1_158' title='bbox 568 3277 992 3357; x_wconf 87' lang='lat' dir='ltr'><strong>discrepantis</strong></span> <span class='ocrx_word' id='word_1_159' title='bbox 1061 3278 1417 3357; x_wconf 87' lang='lat' dir='ltr'><strong>scripturae</strong></span> <span class='ocrx_word' id='word_1_160' title='bbox 1481 3280 1806 3361; x_wconf 85' lang='lat' dir='ltr'><strong>farragine</strong></span> <span class='ocrx_word' id='word_1_161' title='bbox 1878 3282 2227 3345; x_wconf 87' lang='lat' dir='ltr'><strong>verendum</strong></span> 
     </span>
     <span class='ocr_line' id='line_1_23' title="bbox 74 3405 2232 3493; baseline 0.005 -29"><span class='ocrx_word' id='word_1_162' title='bbox 74 3405 328 3474; x_wconf 75' lang='lat' dir='ltr'><strong>fueritne</strong></span> <span class='ocrx_word' id='word_1_163' title='bbox 370 3413 734 3475; x_wconf 86' lang='lat' dir='ltr'><strong>turbaretur</strong></span> <span class='ocrx_word' id='word_1_164' title='bbox 777 3410 976 3473; x_wconf 85' lang='lat' dir='ltr'><strong>multo</strong></span> <span class='ocrx_word' id='word_1_165' title='bbox 1019 3411 1224 3492; x_wconf 85' lang='lat' dir='ltr'><strong>magis</strong></span> <span class='ocrx_word' id='word_1_166' title='bbox 1258 3429 1442 3472; x_wconf 89' lang='lat' dir='ltr'><strong>mens</strong></span> <span class='ocrx_word' id='word_1_167' title='bbox 1477 3410 1821 3491; x_wconf 84' lang='lat' dir='ltr'><strong>logentium</strong></span> <span class='ocrx_word' id='word_1_168' title='bbox 1868 3430 2056 3493; x_wconf 89' lang='lat' dir='ltr'><strong>quam</strong></span> <span class='ocrx_word' id='word_1_169' title='bbox 2103 3413 2232 3476; x_wconf 86' lang='lat' dir='ltr'><strong>ulla</strong></span> 
     </span>
     <span class='ocr_line' id='line_1_24' title="bbox 72 3540 2229 3627; baseline 0.007 -35"><span class='ocrx_word' id='word_1_170' title='bbox 72 3540 294 3604; x_wconf 82' lang='lat' dir='ltr'><strong>utilitate</strong></span> <span class='ocrx_word' id='word_1_171' title='bbox 336 3543 776 3606; x_wconf 88' lang='lat' dir='ltr'><strong>adiuvaretur.</strong></span> <span class='ocrx_word' id='word_1_172' title='bbox 861 3540 1238 3622; x_wconf 87' lang='lat' dir='ltr'><strong>Eademque</strong></span> <span class='ocrx_word' id='word_1_173' title='bbox 1284 3542 1448 3603; x_wconf 89' lang='lat' dir='ltr'><strong>ratio</strong></span> <span class='ocrx_word' id='word_1_174' title='bbox 1491 3550 1845 3604; x_wconf 88' lang='lat' dir='ltr'><strong>ceterorum</strong></span> <span class='ocrx_word' id='word_1_175' title='bbox 1890 3562 2055 3626; x_wconf 88' lang='lat' dir='ltr'><strong>quos</strong></span> <span class='ocrx_word' id='word_1_176' title='bbox 2080 3549 2229 3627; x_wconf 89' lang='lat' dir='ltr'><strong>qui-</strong></span> 
     </span>
    </p>
   </div>
   <div class='ocr_carea' id='block_1_7' title="bbox 77 3667 1805 3740">
    <p class='ocr_par' dir='ltr' id='par_1_7' title="bbox 77 3667 1805 3740">
     <span class='ocr_line' id='line_1_25' title="bbox 77 3667 1805 3740; baseline 0.005 -8"><span class='ocrx_word' id='word_1_177' title='bbox 77 3667 188 3732; x_wconf 81' lang='lat' dir='ltr'><strong>dem</strong></span> <span class='ocrx_word' id='word_1_178' title='bbox 226 3676 411 3737; x_wconf 89' lang='lat' dir='ltr'><strong>norim</strong></span> <span class='ocrx_word' id='word_1_179' title='bbox 456 3675 757 3738; x_wconf 90' lang='lat' dir='ltr'><strong>librorum</strong></span> <span class='ocrx_word' id='word_1_180' title='bbox 801 3692 957 3735; x_wconf 87' lang='lat' dir='ltr'><strong>mss.</strong></span> <span class='ocrx_word' id='word_1_181' title='bbox 1003 3683 1102 3735; x_wconf 91' lang='lat' dir='ltr'><strong>est</strong></span> <span class='ocrx_word' id='word_1_182' title='bbox 1146 3672 1225 3736; x_wconf 88' lang='lat' dir='ltr'><strong>ad</strong></span> <span class='ocrx_word' id='word_1_183' title='bbox 1274 3694 1466 3736; x_wconf 89' lang='lat' dir='ltr'><strong>unum</strong></span> <span class='ocrx_word' id='word_1_184' title='bbox 1512 3677 1805 3740; x_wconf 90' lang='lat' dir='ltr'><strong>omnium.</strong></span> 
     </span>
    </p>
   </div>
   <div class='ocr_carea' id='block_1_8' title="bbox 65 3860 2236 4212">
    <p class='ocr_par' dir='ltr' id='par_1_8' title="bbox 65 3860 2236 4212">
     <span class='ocr_line' id='line_1_26' title="bbox 210 3860 2234 3942; baseline 0.003 -21"><span class='ocrx_word' id='word_1_185' title='bbox 210 3860 302 3921; x_wconf 86' lang='lat' dir='ltr'><strong>De</strong></span> <span class='ocrx_word' id='word_1_186' title='bbox 341 3861 416 3927; x_wconf 75' lang='lat' dir='ltr'><strong>Z</strong></span> <span class='ocrx_word' id='word_1_187' title='bbox 465 3881 506 3941; x_wconf 93' lang='lat' dir='ltr'><strong>p</strong></span> <span class='ocrx_word' id='word_1_188' title='bbox 524 3862 647 3923; x_wconf 90' lang='lat' dir='ltr'><strong>rin</strong></span> <span class='ocrx_word' id='word_1_189' title='bbox 665 3864 794 3942; x_wconf 86' lang='lat' dir='ltr'><strong>cip</strong></span> <span class='ocrx_word' id='word_1_190' title='bbox 813 3880 851 3923; x_wconf 89' lang='lat' dir='ltr'><strong>e</strong></span> <span class='ocrx_word' id='word_1_191' title='bbox 895 3861 1168 3923; x_wconf 90' lang='lat' dir='ltr'><strong>omnium</strong></span> <span class='ocrx_word' id='word_1_192' title='bbox 1211 3862 1559 3925; x_wconf 85' lang='lat' dir='ltr'><strong>fabularum</strong></span> <span class='ocrx_word' id='word_1_193' title='bbox 1604 3863 1834 3942; x_wconf 76' lang='lat' dir='ltr'><strong>viginti</strong></span> <span class='ocrx_word' id='word_1_194' title='bbox 1879 3864 1968 3927; x_wconf 91' lang='lat' dir='ltr'><strong>ed</strong></span> <span class='ocrx_word' id='word_1_195' title='bbox 1985 3866 2234 3928; x_wconf 87' lang='lat' dir='ltr'><strong>itione</strong></span> 
     </span>
     <span class='ocr_line' id='line_1_27' title="bbox 65 3972 2233 4076; baseline 0.005 -29"><span class='ocrx_word' id='word_1_196' title='bbox 65 3983 319 4056; x_wconf 71' lang='lat' dir='ltr'><strong>Gconcu</strong></span> <span class='ocrx_word' id='word_1_197' title='bbox 346 3997 686 4059; x_wconf 61' lang='lat' dir='ltr'><strong>Mutuum:</strong></span> <span class='ocrx_word' id='word_1_198' title='bbox 708 3992 1145 4074; x_wconf 83' lang='lat' dir='ltr'><strong>Alexandrini,</strong></span> <span class='ocrx_word' id='word_1_199' title='bbox 1186 4013 1352 4076; x_wconf 87' lang='lat' dir='ltr'><strong>quae</strong></span> <span class='ocrx_word' id='word_1_200' title='bbox 1395 4013 1454 4057; x_wconf 80' lang='lat' dir='ltr'><strong>a.</strong></span> <span class='ocrx_word' id='word_1_201' title='bbox 1487 3972 1984 4062; x_wconf 64' lang='grc' dir='ltr'>Μ</span> <span class='ocrx_word' id='word_1_202' title='bbox 2002 3996 2233 4057; x_wconf 87' lang='lat' dir='ltr'><strong>Vene-</strong></span> 
     </span>
     <span class='ocr_line' id='line_1_28' title="bbox 65 4121 2236 4212; baseline 0.003 -31"><span class='ocrx_word' id='word_1_203' title='bbox 65 4121 153 4181; x_wconf 81' lang='lat' dir='ltr'><strong>tiis</strong></span> <span class='ocrx_word' id='word_1_204' title='bbox 173 4125 387 4202; x_wconf 90' lang='lat' dir='ltr'><strong>prodiit</strong></span> <span class='ocrx_word' id='word_1_205' title='bbox 408 4128 488 4190; x_wconf 90' lang='lat' dir='ltr'><strong>ab</strong></span> <span class='ocrx_word' id='word_1_206' title='bbox 517 4130 744 4190; x_wconf 84' lang='lat' dir='ltr'><strong>loanne</strong></span> <span class='ocrx_word' id='word_1_207' title='bbox 763 4125 1127 4189; x_wconf 86' lang='lat' dir='ltr'><strong>Coloniensi</strong></span> <span class='ocrx_word' id='word_1_208' title='bbox 1152 4135 1216 4187; x_wconf 90' lang='lat' dir='ltr'><strong>et</strong></span> <span class='ocrx_word' id='word_1_209' title='bbox 1234 4122 1572 4186; x_wconf 87' lang='lat' dir='ltr'><strong>Vindelino</strong></span> <span class='ocrx_word' id='word_1_210' title='bbox 1591 4123 1886 4212; x_wconf 83' lang='lat' dir='ltr'><strong>Spirensi</strong></span> <span class='ocrx_word' id='word_1_211' title='bbox 1904 4124 2236 4205; x_wconf 84' lang='lat' dir='ltr'><strong>impressa,</strong></span> 
     </span>
    </p>
   </div>
   <div class='ocr_carea' id='block_1_9' title="bbox 66 4253 2236 4339">
    <p class='ocr_par' dir='ltr' id='par_1_9' title="bbox 66 4253 2236 4339">
     <span class='ocr_line' id='line_1_29' title="bbox 66 4253 2236 4339; baseline 0.006 -32"><span class='ocrx_word' id='word_1_212' title='bbox 66 4266 167 4313; x_wconf 87' lang='lat' dir='ltr'><strong>nou</strong></span> <span class='ocrx_word' id='word_1_213' title='bbox 204 4253 400 4321; x_wconf 86' lang='lat' dir='ltr'><strong>habeo</strong></span> <span class='ocrx_word' id='word_1_214' title='bbox 443 4275 609 4320; x_wconf 89' lang='lat' dir='ltr'><strong>nunc</strong></span> <span class='ocrx_word' id='word_1_215' title='bbox 655 4256 827 4339; x_wconf 89' lang='lat' dir='ltr'><strong>quod</strong></span> <span class='ocrx_word' id='word_1_216' title='bbox 872 4256 1018 4319; x_wconf 90' lang='lat' dir='ltr'><strong>olim</strong></span> <span class='ocrx_word' id='word_1_217' title='bbox 1052 4257 1326 4318; x_wconf 87' lang='lat' dir='ltr'><strong>narratis</strong></span> <span class='ocrx_word' id='word_1_218' title='bbox 1352 4254 1388 4313; x_wconf 88' lang='lat' dir='ltr'><strong>l.</strong></span> <span class='ocrx_word' id='word_1_219' title='bbox 1414 4271 1467 4314; x_wconf 93' lang='lat' dir='ltr'><strong>s.</strong></span> <span class='ocrx_word' id='word_1_220' title='bbox 1497 4272 1550 4315; x_wconf 87' lang='lat' dir='ltr'><strong>s.</strong></span> <span class='ocrx_word' id='word_1_221' title='bbox 1581 4273 1640 4335; x_wconf 91' lang='lat' dir='ltr'><strong>p.</strong></span> <span class='ocrx_word' id='word_1_222' title='bbox 1672 4254 1793 4318; x_wconf 83' lang='lat'><strong>180</strong></span> <span class='ocrx_word' id='word_1_223' title='bbox 1807 4271 1947 4338; x_wconf 90' lang='lat' dir='ltr'><strong>sqq.</strong></span> <span class='ocrx_word' id='word_1_224' title='bbox 1985 4254 2236 4322; x_wconf 87' lang='lat' dir='ltr'><strong>addam.</strong></span> 
     </span>
    </p>
   </div>
  </div>
 </body>
</html>
