2824 4890
453 346 745 411 xxvln

460 528 679 592 verbis
732 533 931 587 artem
981 531 1046 587 et
1098 526 1498 603 diocipIinam
1541 565 1557 591 ,
1606 565 1622 583 .
1668 566 1685 583 .
1729 563 1748 583 .
1794 522 2002 585 colere
2056 519 2452 603 respondeat
2494 525 2674 591 bueo

456 681 609 745 pars
654 660 1188 743 interpretationis
1231 662 1310 722 de
1351 663 1606 737 inqendo
1648 661 2057 737 degrediatur
2101 661 2432 725 muliebri.-
2495 679 2672 724 con·

455 814 739 879 sequens
786 806 889 858 est
934 804 1035 878 ut,
1102 814 1273 878 quae
1329 797 1555 860 relicta
1595 815 1746 878 pars
1789 806 1894 860 est
1931 803 2220 880 profecto
2259 809 2335 863 ut
2370 819 2458 861 ne
2497 821 2676 882 qao-

455 950 664 1011 quam,
712 931 1145 1014 interpretatio
1186 935 1271 997 sit
1312 933 1623 1016 deperditi
1671 955 1903 1001 versus
1935 937 2234 1020 principii.
2278 940 2397 1005 Sic
2439 939 2672 1024 igitur,

455 1069 576 1132 nisi
630 1069 838 1131 omnia
885 1067 1129 1148 fallunt,
1173 1070 1427 1150 scripsit
1469 1080 1690 1153 poeta:

711 1201 840 1263 Ne
903 1201 1236 1267 hercle
1308 1222 1679 1289 usquam
1724 1215 1925 1271 artem
1969 1216 2036 1269 et
2075 1206 2476 1288 disciplinam
2521 1205 2673 1268 ab·

1222 1342 1410 1404 stiu
1437 1351 1582 1405 eat
1629 1344 1858 1407 colere.
1900 1346 2034 1408 PE.
2080 1344 2676 1428 quemadmodum?

455 1478 626 1540 Nam
668 1480 987 1547 abstinere
1025 1479 1337 1543 infinitivo
1380 1483 1571 1545 etiam
1617 1482 1874 1550 Curcul.
1918 1485 1983 1565 1,
2026 1482 2093 1566 3,
2133 1483 2218 1545 24
2276 1483 2516 1546 iunxitt
2581 1487 2676 1543 uni

454 1619 817 1679 abstineant
865 1618 1168 1679 inuidere.

623 1756 872 1820 Accidit
915 1758 1247 1839 aliquoties
1286 1767 1356 1821 ut
1395 1758 1583 1820 etiam
1618 1758 1679 1819 in
1721 1756 2198 1839 antiquissimos
2236 1756 2434 1819 libros
2479 1754 2668 1838 glos-

454 1897 703 1950 somata
750 1889 1131 1974 irrepserint,
1178 1912 1340 1973 quae
1388 1896 1638 1959 criticae
1680 1899 1836 1960 artis
1880 1900 2038 1961 ratio
2089 1907 2152 1959 et
2183 1896 2530 1978 disciplina
2562 1898 2664 1959 in-

452 2025 767 2107 vestiget:
814 2026 1005 2109 longc
1046 2027 1365 2111 longeque
1407 2032 1669 2114 saepius
1706 2032 1946 2095 factum
1991 2041 2093 2095 est
2135 2034 2554 2113 contrarium,
2597 2040 2667 2094 nt

453 2178 493 2223 a
537 2163 743 2222 minus
790 2165 1187 2244 antiquorum
1235 2166 1817 2247 interpolationibus
1858 2167 2035 2228 liberi
2077 2167 2202 2228 sint
2244 2165 2663 2245 antiquiores.

456 2291 675 2372 Quare
716 2311 843 2376 quo
887 2294 991 2376 qui
1042 2293 1249 2356 codex
1292 2298 1602 2378 antiquior
1647 2307 1778 2379 est,
1825 2317 1903 2360 eo
1947 2296 2245 2358 maiorem
2293 2294 2494 2358 tidem
2542 2295 2662 2357 ha-

451 2436 604 2500 bere
643 2435 703 2498 in
749 2436 844 2499 cis
887 2436 1169 2518 partibus
1197 2438 1362 2500 solet
1388 2455 1550 2519 quas
1578 2436 1822 2498 omittit.
1906 2434 2069 2496 Eam
2108 2432 2657 2494 ratiocinationem

452 2593 592 2638 cum
636 2576 698 2637 in
742 2576 909 2637 illum
954 2594 1215 2637 versum
1259 2572 1816 2637 accommodamus
1844 2613 1863 2650 ,
1933 2586 2118 2650 quem
2178 2585 2320 2629 cum
2382 2564 2658 2629 Palatini

452 2706 814 2786 exhibeant,
860 2709 1109 2787 ignoret
1157 2707 1654 2770 Ambrosianust

614 2839 799 2899 Domi
844 2838 1037 2900 habet
1078 2842 1355 2902 animum
1402 2839 1781 2914 falsilocum,
1827 2835 2196 2916 falsiflcum‚
2240 2834 2651 2896 falsiiurinmz

451 2968 573 3030 etsi
618 2986 740 3028 nou
784 2985 1089 3049 negamus
1132 2966 1285 3049 fingi
1330 2969 1620 3049 potuisse
1639 2968 1954 3048 falsificm
1983 2964 2386 3046 adiectivum‚
2434 2974 2646 3027 tamen

450 3107 515 3162 et
560 3097 1029 3162 concedendum
1076 3112 1178 3161 est
1220 3119 1341 3162 non
1387 3100 1595 3162 minus
1636 3099 1790 3181 tingi
1844 3118 1882 3162 a
1925 3100 2155 3180 quovis
2199 3099 2479 3160 litterato
2525 3099 2651 3160 lio·

458 3229 628 3291 mine
670 3247 855 3311 quam
897 3248 940 3291 a
980 3230 1207 3292 Plauto
1249 3229 1570 3311 potuisse,
1637 3238 1704 3290 et
1755 3228 2144 3291 mirationem
2190 3227 2337 3289 iliud
2381 3228 2654 3305 excitat,

457 3359 626 3444 quod
671 3371 798 3425 tam
844 3362 1025 3424 ferax
1068 3363 1127 3423 in
1171 3360 1293 3425 boc
1335 3362 1827 3442 compositorum
1873 3379 2117 3442 genere
2157 3367 2349 3441 poeta
2391 3359 2498 3420 illo
2546 3371 2653 3422 ta-

447 3516 591 3559 men
636 3498 779 3559 alibi
822 3514 1135 3578 nunquam
1177 3513 1336 3558 usus
1362 3506 1482 3559 est.
1529 3497 1771 3559 Verum
1797 3494 1966 3578 quod
2002 3496 2277 3576 falsifico
2317 3496 2651 3578 largimur,

448 3628 705 3707 numqui
748 3628 933 3689 etiam
979 3625 1059 3689 ad
1096 3629 1494 3709 faleiiurium
1534 3624 1994 3692 defendendum
2038 3628 2253 3691 valere
2295 3622 2653 3692 credetur!

449 3762 571 3826 Cui
616 3761 737 3824 etsi
782 3778 905 3823 nec
946 3781 1029 3824 ex
1074 3759 1421 3824 editoribus
1461 3760 1996 3842 interpretibusve
2042 3779 2163 3824 nec
2200 3782 2237 3825 e
2275 3763 2655 3844 lexlcogra-

443 3898 588 3979 phis
630 3904 965 3960 accusator
1011 3897 1249 3976 extitit,
1300 3905 1515 3958 tamen
1560 3895 1974 3959 vehementer
2017 3914 2312 3957 veremur
2349 3913 2430 3957 ne
2478 3896 2656 3959 insa·

445 4032 634 4096 uniam
682 4032 785 4096 ille
828 4032 933 4093 vcl
978 4047 1188 4110 aquae
1231 4040 1298 4091 et
1339 4028 1507 4111 iguis
1547 4026 2040 4091 interdictionem
2069 4047 2195 4090 non
2221 4028 2427 4111 magis
2453 4045 2655 4110 quam

449 4162 674 4245 aliquis
715 4165 1042 4240 pet-iuriae
1086 4157 1366 4241 effugiat.
1469 4159 1610 4221 Huc
1665 4157 1909 4222 accedit
1968 4177 2363 4220 numerorum
2421 4161 2657 4222 insua-

449 4297 647 4372 vitas,
692 4311 856 4372 quae
901 4311 1023 4373 qua
1068 4313 1135 4354 rc
1180 4294 1575 4356 contincatur
1623 4292 1984 4372 expositum
2028 4298 2130 4353 est
2176 4290 2540 4374 Prolcgom.
2590 4295 2652 4355 in
