2824 4890
515 324 832 387 ccxxi!

509 504 897 585 spondiacus
942 506 1096 566 item
1150 506 1477 587 singulare
1520 505 1801 568 ciusdem
1853 506 2107 567 fabulae
2153 528 2217 569 v.
2260 508 2418 570 SM:

681 638 872 700 Scies
920 632 1074 698 huit
1115 636 1314 699 multo'
1358 646 1509 718 post
1598 687 1611 700 .
1666 680 1712 717 .·
1802 681 1816 697 .
1904 681 1917 695 .
2007 679 2022 696 .
2115 681 2131 696 .
2220 687 2233 701 .
2322 661 2336 698 z

511 786 676 849 quae
708 768 925 830 nescio
952 785 1032 828 an
1078 770 1557 828 excusationem
1602 764 1683 826 ab
1727 765 2023 826 euclisi
2085 767 2357 846 quadam
2412 776 2720 831 accentus

515 899 815 978 habeant,
863 917 988 979 qua
1030 906 1328 978 tanquam
1372 901 1439 959 in
1485 896 2017 978 quadrisyllabum
2062 916 2290 960 vocem
2339 897 2714 977 nibianus,

512 1032 572 1092 in
616 997 1403 1111 trisyllabarn'multo'plm
1444 1029 1703 1089 coirent.
1791 1028 2022 1106 Qualis
2068 1030 2326 1090 enclisis
2372 1047 2521 1090 cum
2568 1048 2714 1091 cer-

518 1161 828 1221 tissimam
876 1156 1094 1218 sedem
1137 1158 1198 1217 in
1256 1156 1707 1238 bisyllabarum
1776 1159 2311 1238 praepositionum
2371 1176 2518 1220 cum
2581 1179 2717 1220 mo-

515 1292 864 1373 nosyllabis
913 1263 1375 1371 pronominibus
1422 1292 1820 1371 copulatione
1862 1291 2139 1372 habeat,
2183 1303 2249 1353 nt
2287 1294 2554 1372 proptdr
2606 1314 2715 1368 me,

511 1422 772 1502 praeter
816 1430 895 1491 te,
942 1415 1111 1482 inte'r
1154 1442 1242 1491 se,
1289 1422 1451 1499 erqa'
1495 1443 1593 1483 me
1633 1429 1808 1492 (nam
1856 1426 1917 1482 in
1954 1391 2221 1484 iambica
2254 1424 2718 1505 praepositione

518 1556 675 1630 amu
714 1575 832 1616 uos
876 1554 1041 1615 nulla
1098 1552 1349 1613 omnino
1409 1551 1687 1612 offensio
1745 1558 1911 1632 cst),
1988 1557 2198 1633 qualia
2265 1575 2343 1615 nc
2392 1556 2714 1619 secundus

521 1684 774 1765 quidem
823 1701 940 1764 pes
995 1685 1304 1745 exclusitt
1368 1685 1575 1764 potuit
1620 1682 1678 1742 id
1736 1683 1984 1762 quidem
2028 1686 2323 1746 facillime
2367 1687 2448 1746 ad
2492 1687 2716 1749 similia

521 1815 961 1895 monosyllaba
1020 1813 1335 1898 pertinere
1390 1822 1460 1873 ut
1518 1813 1689 1874 Trin.
1746 1813 1831 1874 75
1883 1815 2172 1876 Haecine
2221 1817 2486 1894 propte'r
2542 1840 2707 1891 ree,

523 1943 641 2005 sed
689 1962 812 2004 non
853 1940 1109 2003 videtur
1137 1960 1177 2002 a
1205 1943 1778 2024 praepositionibus
1808 1942 1890 2004 ad
1915 1943 2110 2007 verba
2156 1947 2530 2008 translatum
2574 1965 2718 2009 esse

522 2077 675 2137 utin
709 2072 1181 2136 Hermanniano
1225 2072 1325 2134 illo
1367 2072 1534 2152 quod
1575 2074 1786 2154 paullo
1828 2083 1978 2136 ante
2024 2078 2530 2140 memorabamus
2576 2101 2716 2140 ser-

521 2193 632 2253 ue't
669 2214 769 2253 me
787 2197 872 2265 ἰ).
957 2194 1124 2254 Aliis
1181 2195 1240 2254 in
1283 2194 1442 2254 locis
1497 2193 1827 2274 spondiaci
1868 2196 2162 2256 vocabuli
2202 2197 2261 2256 in
2304 2198 2506 2257 altero
2555 2201 2708 2277 pede

519 2327 813 2388 molestia
857 2327 1356 2408 interpunctione
1400 2328 1646 2406 lenitur,
1691 2337 1759 2388 ut
1801 2327 1988 2407 Capt.
2035 2330 2090 2408 Ι,
2132 2330 2199 2408 2,
2242 2330 2314 2390 9:

684 2459 863 2521 Satis
907 2457 1029 2519 est.
1074 2455 1425 2537 numqua'm
1468 2468 1615 2537 post
1657 2453 1823 2519 illam
1869 2460 2081 2539 possis
2125 2458 2469 2541 prendere:

523 2591 821 2674 quamvis
865 2591 946 2651 ibi
995 2597 1287 2670 prompta
1322 2589 1735 2669 transpositio
1772 2597 1922 2666 post
1947 2589 2125 2649 illam
2147 2610 2509 2669 numquam.
2563 2591 2710 2649 'ram

521 2723 818 2804 angustis
862 2730 1077 2782 autem
1126 2718 1356 2780 linibus
1415 2735 1563 2779 cum
1606 2706 1725 2779 ‘vel
1784 2718 1907 2780 hoc
1965 2736 2175 2800 genus
2231 2719 2548 2780 inclusum
2619 2718 2715 2793 sit,

517 2853 713 2914 multo
739 2852 943 2911 minus
969 2850 1073 2909 vel
1117 2849 1246 2909 bin
1266 2866 1355 2909 as
1396 2848 1842 2928 anapaesticus
1870 2865 2070 2908 voces
2099 2850 2200 2908 vel
2242 2855 2711 2927 anapaesticus

521 3004 668 3067 cum⁸
713 2984 1061 3065 spondiaca
1104 2984 1466 3045 iambicavc
1508 3000 1616 3044 ars
1663 2981 1955 3063 probavit
1998 2983 2060 3040 in
2108 2980 2413 3060 principio
2477 2998 2715 3041 versus.

521 3121 606 3182 Et
649 3118 986 3179 verissimo
1028 3117 1220 3197 igitur
1263 3123 1331 3178 et
1372 3114 1784 3176 subtilissimo
1830 3129 2026 3172 sensu
2076 3111 2236 3173 idem
2270 3113 2373 3173 ille
2404 3115 2717 3175 Herman-

521 3269 644 3312 nus
688 3268 832 3312 cum
882 3249 1121 3310 Bacch.
1165 3266 1230 3308 v.
1274 3245 1394 3308 119
1438 3245 1795 3307 damnavit:

550 3520 619 3578 ²⁸¹)
657 3523 771 3572 Nec
803 3524 977 3574 ascita
1010 3525 1203 3575 encllsi
1239 3526 1449 3576 defendi
1485 3527 1589 3590 liic,
1624 3529 1838 3590 qualem
1875 3530 2000 3580 libri
2036 3535 2350 3597 testantur,
2382 3534 2717 3596 septeni-ius

654 3626 855 3686 poterit
886 3630 1034 3677 Tria.
1071 3629 1217 3679 91³:

789 3723 922 3775 Vide
956 3728 1112 3777 homo
1149 3735 1209 3780 ut
1243 3732 1503 3781 hominem
1560 3729 1802 3781 noueris.
1887 3731 2191 3794 Tanquam
2239 3747 2366 3783 me.-
2418 3736 2543 3784 fleri
2594 3730 2722 3783 istuc

1976 3830 2135 3879 solet.

649 3914 709 3963 ln
747 3927 854 3977 quo
897 3920 955 3965 ct
1005 3917 1142 3966 satis
1189 3918 1433 3968 insolens
1483 3933 1515 3969 e
1567 3921 1749 3980 priore
1799 3922 1849 3970 in
1905 3924 2254 3982 posteriorem
2291 3937 2491 3976 versus
2530 3935 2725 3988 parte-

649 4019 912 4066 transttus
948 4018 1007 4065 ῆι
1039 4017 1336 4077 spondiaco
1376 4021 1646 4069 vocabulo
1684 4034 1967 4072 caesuram
1998 4023 2331 4086 excludentl,
2365 4036 2423 4075 et
2460 4034 2617 4077 tanta
2652 4025 2727 4072 vla

652 4123 947 4170 sententiae
1004 4129 1087 4171 est
1133 4120 1187 4169 in
1238 4134 1325 4170 me.
1371 4123 1728 4187 pronomine,
1780 4125 1829 4171 id
1885 4130 1943 4173 ut
1987 4125 2295 4175 encliticum
2351 4141 2474 4176 esse
2533 4128 2727 4177 uisi-e

650 4221 838 4279 possit.
908 4218 1090 4282 Quare
1127 4222 1432 4270 Hermanno
1469 4223 1949 4284 obtemperandum
1986 4225 2108 4275 fuit.
