2824 4890
552 348 857 412 XXXVI
866 352 921 411 ΙΙ

721 531 1120 611 Propositum
1166 528 1442 590 tabulam
1487 533 1554 587 nt
1600 526 1718 588 iam
1766 544 2049 587 enarrem
2097 518 2627 601 commentando,
2690 521 2763 581 de

555 684 601 725 α
640 663 885 746 quidem
933 663 1082 725 nihil
1129 665 1252 725 nisi
1292 661 1418 723 hoc
1469 659 1586 723 dici
1654 668 1900 741 potest,
1973 661 2256 741 integras
2312 675 2452 719 enm
2514 655 2766 717 fabulas

554 803 992 865 Varronianus
1035 818 1175 863 xxx.
1218 807 1474 880 praeter
1518 814 1636 858 eas
1681 803 1898 875 partes
1944 792 2351 874 complexum
2380 809 2557 869 esse,
2605 808 2767 870 quas

552 935 743 999 etiam
789 934 870 996 ab
921 931 1339 995 Ambrosiano
1385 927 1673 990 abfuisse
1733 935 1981 989 certum
2028 918 2161 988 estz
2227 925 2285 986 in
2330 942 2457 1005 quo
2502 942 2768 985 numero

550 1071 858 1151 prologus
903 1064 1201 1126 Pseuduli
1242 1082 1444 1145 prope
1489 1069 1663 1123 totus
1708 1067 1773 1120 et
1817 1060 2055 1141 aliquot
2104 1075 2345 1119 scenae
2388 1054 2594 1119 Stichi
2648 1056 2766 1118 ha·
2823 1052 2824 1065 ²

552 1196 799 1261 bendae
825 1202 1007 1259 suntt
1053 1190 1436 1255 Bacchidum
1466 1199 1678 1252 autem
1703 1187 1911 1250 locum
1943 1195 2092 1268 post
2117 1187 2503 1248 Aululariam
2536 1188 2765 1268 fuisse,

552 1333 635 1397 de
675 1350 804 1416 quo
847 1331 907 1393 in
938 1328 1241 1409 Parergis
1284 1326 1518 1389 dictum
1566 1343 1609 1401 1,
1653 1343 1711 1404 p.
1741 1319 1859 1385 391
1908 1339 2047 1402 sqq.
2092 1320 2236 1384 'l'ali
2283 1319 2504 1384 codice
2546 1332 2770 1402 quarto

556 1485 617 1549 p.
664 1464 783 1528 Ch.
831 1485 890 1526 n.
936 1465 1202 1525 saeculo
1246 1462 1543 1524 Servium
1604 1466 1670 1520 et
1715 1458 2033 1519 Donatum
2099 1474 2253 1519 usos
2315 1474 2465 1518 esse
2527 1475 2612 1517 ex
2675 1461 2767 1518 eis

550 1601 760 1684 colligi
804 1608 1015 1682 potest
1070 1618 1234 1681 quae
1280 1599 1538 1659 uberius
1585 1594 2002 1658 dissernimus
2045 1596 2260 1658 Musei
2303 1595 2500 1656 nostri
2549 1594 2765 1676 philol.
2823 1580 2824 1587 ἵ

552 1742 595 1794 t.
644 1749 745 1811 lv,
789 1752 846 1812 p.
885 1732 1011 1793 568
1051 1749 1191 1812 sqq.
1277 1731 1625 1792 Praeterea
1668 1734 1806 1793 veri
1860 1729 2066 1791 simile
2109 1737 2212 1790 est
2254 1733 2549 1791 caruisse
2589 1729 2761 1790 illum

556 1879 971 1942 personarum
1014 1861 1179 1922 notis
1222 1861 1282 1922 in
1322 1861 1736 1924 continuitate
1779 1879 2166 1939 sermonum,
2212 1880 2327 1941 pro
2374 1861 2596 1941 eisque
2641 1880 2767 1922 va-

554 1994 932 2074 cua.spatia
989 1991 1293 2053 babuisse
1345 1991 1533 2052 minio
1590 1989 1972 2071 supplenda:
2039 1989 2204 2083 quod
2259 1983 2399 2051 cum
2461 1989 2766 2073 deinceps

554 2146 680 2188 non
723 2127 951 2204 tieret,
993 2127 1214 2187 evenit
1259 2132 1328 2185 ut
1374 2122 1777 2205 postmodnm
1829 2125 1922 2196 (in
1963 2143 2002 2203 y
2043 2126 2229 2204 puto)
2275 2122 2473 2182 multa
2515 2141 2765 2184 sermo-

555 2258 899 2320 cinantium
971 2256 1221 2317 nomina
1281 2274 1319 2316 e
1378 2257 1748 2318 coniectura
1810 2254 2099 2318 addenda
2170 2265 2409 2319 essent.
2521 2258 2765 2319 Secuta

557 2402 661 2454 est
700 2408 779 2452 ea
824 2398 1031 2471 aetas,
1077 2406 1201 2471 qua
1248 2396 1313 2450 et
1360 2386 1839 2468 Amphitruonis
1882 2406 2119 2452 scenae
2164 2390 2474 2470 quaedam
2525 2399 2590 2452 et
2634 2409 2759 2453 una

556 2545 697 2590 cnm
741 2525 1109 2587 Aululariae
1165 2524 1341 2586 exitu
1387 2525 1761 2608 contiguum
1808 2525 2174 2605 principium
2223 2524 2613 2586 Bacchidum
2656 2524 2763 2585 in-

552 2655 960 2718 terciderunt.
1045 2652 1167 2712 His
1223 2652 1408 2733 igitur
1466 2653 1757 2732 partibus
1817 2654 2073 2715 carebat
2116 2655 2172 2714 is
2219 2654 2427 2716 codex
2486 2673 2672 2736 quem
2718 2654 2762 2732 β

552 2788 760 2848 littera
802 2786 1228 2867 signavimus,
1275 2787 1555 2866 integras
1600 2785 1923 2848 etiamtum
1955 2785 2282 2867 Casinam,
2332 2785 2762 2848 Cistellariam

552 2925 882 2998 totamque
927 2917 1323 2980 Vidulariam
1364 2929 1636 2987 tenens,
1698 2924 1932 3003 quippe
1977 2939 2137 3003 quas
2180 2921 2427 2983 fabulas
2473 2923 2764 3002 integras

550 3059 743 3113 sexto
786 3051 1047 3112 saeculo
1097 3052 1461 3114 Priscianus
1521 3061 1843 3114 tractaret.
1930 3056 2002 3115 ln
2047 3035 2272 3114 eodem
2321 3053 2427 3114 vel
2475 3051 2762 3115 eiusdem

550 3184 808 3266 generis
867 3183 1088 3247 codice
1145 3191 1299 3265 puto
1340 3184 1785 3246 Mostellariae
1841 3201 2080 3245 scenas
2145 3185 2410 3265 primum
2456 3184 2763 3248 traiectas

552 3335 749 3384 esse:
814 3319 1030 3381 harum
1091 3321 1257 3382 enim
1316 3319 1633 3380 turbarum
1702 3318 1960 3400 Parerg.
2018 3337 2072 3390 1,
2121 3338 2180 3400 p.
2226 3319 2353 3381 439
2412 3322 2762 3382 monstravi

558 3470 702 3513 eam
747 3452 1053 3512 rationem
1101 3468 1300 3532 esse,
1365 3459 1436 3512 ut
1506 3450 1585 3512 de
1645 3452 2009 3514 vicenorum
2067 3455 2208 3525 (vel
2269 3454 2553 3516 fortasse
2591 3462 2762 3532 xxl.)

559 3598 859 3644 versuum
900 3582 1149 3663 paginis
1197 3580 1608 3663 cogitandum
1656 3583 1775 3647 sitt
1844 3591 1936 3647 tot
1993 3585 2185 3667 igitur
2228 3604 2528 3648 versuum
2572 3607 2761 3649 men-

552 3729 770 3776 suram
816 3721 1034 3795 (quam
1081 3711 1267 3774 vides
1313 3732 1515 3795 parvo
1561 3713 1924 3778 discrimine
1964 3716 2046 3777 ab
2088 3717 2500 3778 Ambrosiani
2544 3739 2766 3782 norma

543 3842 816 3915 distare)
879 3845 1086 3909 codici
1125 3846 1174 3926 β
1218 3866 1295 3909 eo
1358 3847 1785 3910 confidentius
1832 3848 2082 3930 tribuo,
2148 3867 2271 3930 quo
2329 3853 2573 3912 certius
2635 3854 2762 3913 iam

542 4001 740 4063 supra
799 3987 1096 4065 apparuit
1152 3984 1340 4047 alium
1403 4000 1706 4045 versuum
1753 4002 2075 4044 numerum
2141 3982 2200 4043 h.
2248 4001 2302 4044 e.
2345 4001 2648 4044 senorum
2694 3990 2765 4044 et

541 4112 914 4177 vicenorum
976 4114 1036 4176 in
1082 4133 1159 4176 eo
1200 4114 1403 4178 fuisse
1427 4157 1446 4195 ,
1508 4112 1677 4175 unde
1719 4113 1920 4175 nostri
1982 4112 2396 4194 antiquissimi
2440 4113 2761 4194 originem

539 4245 872 4310 duxerunt.
976 4248 1165 4311 Hunc
1216 4269 1253 4328 y
1308 4246 1471 4311 dixit
1549 4249 1653 4330 qui
1710 4267 1835 4330 qua
1899 4248 2277 4311 condicione
2344 4255 2478 4310 tum
2539 4246 2763 4332 fuerit,
