2824 4890
487 362 623 428 XX

486 549 624 611 eius
668 543 899 608 librarii
944 539 1286 605 oscitantia
1327 540 1823 621 praetermissos
1865 557 2046 622 esse,
2088 560 2127 604 e
2170 544 2354 604 cuius
2396 543 2692 626 exemplo

486 679 705 762 reliqui
749 678 882 740 libri
923 676 1122 738 nostri
1166 673 1341 737 ducti
1381 683 1551 736 sunt.

649 817 748 879 Ac
806 817 1070 896 primum
1138 832 1259 873 non
1321 819 1596 893 possunt
1649 819 1823 874 reete
1863 810 2214 891 procedere
2256 810 2430 873 credi
2477 809 2694 874 Char-

486 949 671 1013 midis
717 959 782 1011 et
821 946 1281 1030 Sycophantae
1327 944 1391 1007 hi
1435 961 1809 1023 sermones,
1867 945 2090 1026 quales
2132 960 2173 1005 a
2217 964 2278 1006 v.
2320 943 2438 1007 871
2488 947 2695 1029 vulgo

478 1084 819 1165 leguntur:

480 1214 630 1278 CH.
666 1212 859 1296 Quid,
902 1212 1317 1295 adulescens,
1366 1210 1670 1295 quaeris?
1724 1213 1876 1295 quid
1922 1214 2077 1281 uls?
2132 1215 2284 1297 quid
2329 1215 2487 1277 istas
2537 1211 2696 1295 pul-

1565 1346 1711 1412 tas?
1795 1346 1929 1411 SY.
1974 1347 2164 1427 heus,
2206 1364 2435 1424 senex,

654 1477 921 1541 Census
965 1496 1152 1560 quom
1197 1494 1361 1557 sum,
1408 1475 1661 1538 iuratori
1704 1486 1883 1538 recte
1927 1478 2231 1539 rationem
2275 1474 2442 1538 dedi.

644 1611 1074 1674 Lesbonicum
1118 1610 1223 1673 hic
1262 1607 1741 1671 adulescentem
1789 1624 2050 1689 quaero,
2096 1605 2155 1668 in
2185 1607 2289 1668 his
2315 1606 2692 1689 regionibus

642 1744 771 1804 Vbi
795 1742 1060 1821 habitet,
1094 1748 1158 1802 et
1184 1740 1332 1801 item
1358 1738 1627 1802 alterum
1658 1740 1737 1801 ad
1763 1740 1971 1801 istanc
1998 1740 2220 1820 capitis
2248 1737 2687 1816 albitudinem‚
2734 1802 2744 1809 ‚

645 1873 974 1937 Calliclem
1020 1890 1207 1953 quem
1247 1870 1419 1933 aibat
1466 1872 1713 1952 vocari,
1759 1871 1863 1952 qui
1889 1871 1973 1932 mi
2002 1871 2121 1932 has
2148 1869 2322 1932 dedit
2349 1869 2691 1950 epistulas.

488 2009 637 2071 Nec
692 2009 855 2070 enim
914 2008 1315 2089 sycophanta
1374 2014 1589 2088 potest
1630 2025 1668 2069 a
1709 2024 1958 2069 summa
2012 2005 2397 2069 adversandi
2454 2011 2696 2066 contu-

485 2142 694 2203 macla
736 2139 817 2204 ad
859 2140 1391 2222 promptissimam
1449 2139 1875 2220 respondendi
1938 2140 2302 2203 facilitatem
2366 2137 2507 2200 sine
2561 2135 2693 2199 ullo

483 2273 743 2336 vinculo
786 2271 1075 2336 transire.
1160 2274 1337 2354 Ergo
1383 2272 1624 2335 excidit
1679 2271 1913 2354 aliquid
1972 2281 2120 2353 post
2165 2237 2477 2333 rabonem
2522 2273 2691 2336 dedi.

486 2405 868 2489 Quanquam
902 2424 1031 2470 non
1075 2405 1180 2469 hic
1222 2406 1550 2470 excidisse
1593 2408 1810 2489 credo,
1854 2407 1974 2471 sed
2014 2426 2092 2471 eo
2141 2410 2201 2472 in
2249 2409 2407 2482 loco,
2456 2409 2519 2472 in
2549 2426 2679 2491 quo

485 2538 656 2607 hunc
697 2541 904 2621 ipsum
947 2559 1206 2603 versum
1248 2560 1287 2603 a
1329 2549 1521 2621 poeta
1566 2541 1946 2604 collocatum
1990 2559 2139 2604 esse
2169 2542 2453 2605 arbitror.
2503 2544 2683 2606 Nam

478 2690 626 2735 cum
687 2674 914 2753 paucis
971 2683 1119 2755 post
1174 2675 1471 2738 versibus
1530 2674 1720 2749 (878)
1776 2674 2246 2758 sycophantam
2305 2675 2692 2739 Charmides

476 2804 574 2868 sic
609 2804 1007 2886 alloquatur}

647 2928 814 3010 Quid
858 2949 975 2993 eos
1019 2926 1322 3013 quaeris?
1364 2942 1479 2995 aut
1521 2933 1667 3016 quis
1710 2933 1839 3000 es?
1882 2943 1994 2998 aut
2035 2931 2312 3000 unde's?
2354 2945 2465 2998 aut
2511 2936 2686 3000 unde

1869 3066 2189 3132 aduenis?

478 3199 669 3263 facile
714 3202 1091 3283 perspicitur
1128 3201 1228 3264 his
1266 3201 1515 3285 quidem
1573 3203 1790 3265 verbis
1834 3202 2032 3265 multo
2086 3203 2298 3283 aptius
2340 3200 2486 3265 illud
2528 3222 2685 3268 esse

470 3351 858 3415 responsum
924 3332 1369 3416 sycophantae
1433 3337 1684 3399 Census
1740 3357 1927 3418 quom
1984 3358 2130 3399 eum
2177 3357 2233 3399 e.
2276 3355 2335 3419 q.
2381 3355 2469 3402 s.=
2532 3339 2687 3404 talia

477 3469 640 3531 enim
701 3488 932 3530 revera
997 3470 1450 3533 sciscitabatur
1508 3489 1781 3551 censor,
1853 3472 2040 3530 cuius
2102 3467 2205 3534 hic
2271 3469 2687 3536 administros

474 3614 795 3672 iuratores
842 3608 959 3673 dici
997 3611 1111 3676 Th.
1151 3613 1614 3674 Mommsenius
1655 3612 1896 3671 monuit
1940 3607 2021 3669 de
2063 3610 2204 3671 trib.
2248 3609 2432 3675 Rom.
2479 3629 2540 3692 p.
2563 3610 2682 3674 212

474 3747 693 3802 eontra
753 3747 1163 3819 quaerentem
1225 3748 1291 3801 et
1346 3741 1519 3800 fores
1574 3738 1921 3819 pultantem
1982 3736 2152 3819 quod
2210 3757 2458 3819 senex,
2524 3739 2682 3821 quld

473 3878 812 3951 quaereret
855 3877 919 3933 et
961 3870 1285 3951 pultaret,
1352 3867 1829 3952 interrogabat,
1883 3888 2006 3931 non
2054 3871 2259 3952 potuit
2302 3871 2431 3933 ullo
2487 3869 2681 3934 modo

470 4003 755 4065 insolens
796 4003 1235 4084 sycophantae
1282 4000 1507 4063 videri.
1590 4000 1812 4064 Verba
1852 4010 2075 4104 nos*
2119 4009 2187 4064 ut
2229 4000 2680 4083 compendifa-

471 4133 751 4207 ciamus,
823 4134 973 4197 nihil
1029 4134 1136 4197 vel
1192 4133 1255 4195 in
1318 4133 1700 4199 continuatis
1739 4153 1850 4198 vv.
1890 4135 2033 4199 871.
2078 4132 2208 4197 872
2257 4131 2676 4217 desiderabis,

470 4266 581 4330 vel
623 4265 690 4330 in
731 4265 841 4331 tali
882 4268 1181 4350 exemplo
1220 4265 1798 4351 redintegratorem
1841 4284 2154 4333 versuum
2187 4265 2318 4331 877
2355 4282 2496 4349 sqq.
2514 4283 2538 4331 t
