2824 4890
2133 368 2286 431 xc!

171 550 424 628 aperiam,
482 561 677 613 tamen
738 553 1092 629 generatim
1155 546 1402 612 definiri
1447 551 1568 611 hoc
1613 558 1829 629 potest
1875 557 1942 612 ut
1988 551 2293 629 explora-

172 682 461 763 tissimum,
518 685 574 746 in
619 685 975 747 Plautinum
1027 692 1225 745 artem
1281 704 1361 745 ex
1405 685 1793 765 antiquitatis
1837 681 2296 744 consuetudine

164 816 272 877 sola
307 821 459 879 med
495 826 554 879 et
594 821 725 879 ted
767 816 1137 897 pronomina
1201 818 1513 879 transisse
1569 815 1738 877 nullo
1789 813 2049 877 ablativi
2094 833 2296 877 accu-

160 949 423 1032 sativique
478 952 865 1035 discrimine,
932 953 1093 1013 alius
1135 951 1314 1013 vocis
1357 949 1582 1012 eodem
1628 952 2025 1012 incremento
2065 956 2296 1009 auctae

68 1120 69 1123 =
161 1086 341 1147 nullius
379 1087 474 1148 vel
519 1088 701 1152 fidem
746 1088 853 1151 vel
913 1086 1261 1167 vestigium
1309 1101 1506 1163 esse,
1566 1100 1648 1143 ne
1704 1081 1982 1162 gemella
2039 1079 2292 1163 quidem

155 1217 245 1278 red
270 1216 449 1281 forma
491 1228 780 1300 excepta.
870 1217 1080 1295 Quam
1127 1218 1431 1277 rationem
1475 1213 1658 1273 unice
1689 1230 1909 1275 veram
1938 1211 2295 1274 rectissime

156 1343 280 1406 idem
328 1348 423 1409 ille
463 1349 866 1411 Hermannus
910 1366 1024 1429 per
1070 1354 1264 1408 totum
1286 1344 1786 1405 ‘Elementorum
1830 1343 2054 1405 librum
2101 1351 2292 1405 tene-

157 1475 250 1541 bat,
322 1481 385 1541 ln
443 1481 805 1543 Trinummo
846 1479 1119 1543 addendi
1163 1483 1538 1542 dcaussam
1598 1498 1719 1539 non
1776 1480 1988 1545 inveni
2049 1488 2299 1558 praeter

158 1613 238 1670 ted
266 1631 317 1675 v.
342 1611 491 1676 311:
538 1631 812 1694 quocum
857 1613 939 1674 cf.
983 1623 1199 1674 annot.
1245 1632 1308 1672 v.
1352 1611 1496 1673 582.
1537 1611 1679 1675 613.
1764 1613 1897 1676 Sed
1942 1613 2044 1674 his
2087 1614 2294 1675 sentio

152 1759 228 1805 mo
261 1745 365 1809 iam
407 1747 483 1809 ad
529 1748 892 1827 proximum
937 1756 1131 1824 caput
1170 1746 1453 1807 avocari.

950 2109 1274 2164 cAl’vT
1310 2112 1439 2165 lx.

285 2291 587 2357 peculiari
645 2300 812 2359 enirn
859 2298 1073 2378 capite
1118 2299 1327 2359 visum
1375 2307 1481 2360 est
1521 2316 1726 2380 genus
1782 2318 1965 2361 omne
2012 2301 2298 2363 ortho-

143 2422 590 2496 graphicum
639 2427 861 2506 paucis
905 2427 1259 2508 complecti.
1349 2426 1539 2506 Quod
1584 2448 1724 2490 eum
1769 2428 1960 2492 valde
1996 2430 2296 2492 lubricam

141 2553 531 2620 tractationem
583 2558 647 2620 in
694 2560 1010 2641 omnibns,
1057 2571 1189 2624 tum
1231 2565 1442 2646 magis
1486 2565 1783 2626 lubricam
1809 2565 1870 2625 in
1893 2573 2020 2626 tam
2046 2565 2301 2644 antiquo

140 2686 407 2766 scriptore
447 2692 664 2756 habet.
755 2695 853 2758 Ac
891 2714 1112 2758 veram
1158 2698 1495 2760 Plautinae
1537 2697 1770 2760 aetatis
1795 2694 2111 2759 scribendi
2139 2713 2302 2758 con-

140 2820 491 2889 suetudinem
540 2826 655 2908 qui
694 2827 1129 2891 ratiocinando
1175 2830 1537 2913 indagatam
1585 2829 1928 2892 Plautinis‘
1957 2827 2304 2891 comoediis

142 2966 277 3012 nuuc
316 2956 653 3020 obtrudere
696 2957 1007 3039 instituat,
1051 2956 1397 3020 verendum
1453 2960 1537 3021 sit
1591 2977 1670 3019 ne
1709 2978 1830 3019 non
1872 2959 2137 3021 multum
2179 2958 2302 3019 ab·

140 3083 301 3149 simile
339 3090 626 3156 Homero
651 3091 982 3173 Payniano
1026 3103 1375 3154 monstrum
1423 3091 1711 3153 editurus
1736 3097 1838 3154 sit.
1927 3091 2302 3174 Quanquam

142 3217 368 3287 vidimus
409 3229 517 3306 qui
546 3225 732 3288 velut
771 3225 869 3286 his
913 3234 1207 3305 tanquam
1238 3224 1566 3285 Musarum
1596 3222 1840 3285 deliciis
1880 3226 2306 3303 venereisque
2366 3279 2369 3288 .

134 3358 589 3422 amoenitatibus
628 3359 972 3441 legentium
1020 3359 1218 3420 oculis
1262 3356 1720 3420 blandirenturz

345 3489 645 3555 Floorem
693 3492 1081 3573 acglaabant
1122 3489 1418 3552 Leiberei
1464 3507 1585 3551 exs
1625 3485 2026 3551 carchesieis.

345 3622 538 3704 Egoo
582 3643 845 3704 puerum
885 3624 1093 3687 indam
1138 3624 1371 3685 ancilai,
1411 3623 1752 3685 lactentem
1799 3622 1983 3683 meai.

347 3755 513 3818 Tum
557 3764 770 3818 autem
814 3757 1164 3818 lasceiuom
1208 3755 1487 3817 Neereei
1526 3755 1790 3815 seimom
1834 3770 2057 3835 pecus.

129 3883 248 3949 Sed
294 3889 391 3953 his
431 3893 650 3955 missis
694 3894 1017 3957 Saliorum
1061 3891 1486 3954 cruditatibus
1531 3890 1975 3970 horridulaque
2006 3895 2312 3950 senatus-

122 4023 533 4087 consultorum
591 4027 973 4090 solennitate
1039 4029 1561 4092 columnarumve
1629 4026 1917 4108 robigine
1977 4023 2036 4084 id
2095 4025 2311 4102 potius

122 4167 369 4231 &gamus
411 4166 517 4232 ut,
555 4162 807 4243 qualem
851 4163 1173 4244 aliquanto
1215 4161 1467 4242 politior
1508 4167 1692 4220 aetas
1732 4160 2025 4220 Plautum
2069 4154 2312 4239 legisse

125 4282 423 4369 videatur,
469 4294 673 4373 quoad
718 4296 857 4358 eins
907 4297 1039 4358 lieri
1083 4296 1289 4378 possit
1333 4312 1800 4375 recuperemus.
1889 4294 2117 4374 Neque
2142 4293 2306 4354 enim
