2824 4890
1946 360 2227 425 Lxxxt
2241 363 2300 424 Χ

174 538 442 622 quiddam,
483 540 647 623 quod
687 540 809 604 iam
854 557 1026 603 nunc
1070 539 1318 623 cupiam
1360 559 1484 603 non
1526 541 1800 623 ignorari
1841 559 1882 604 a
1922 546 2304 626 grammati-

166 680 257 742 cis.
297 679 444 741 Nam
473 697 611 741 cum
654 679 953 761 frequens
997 680 1083 741 sit
1127 680 1188 741 in
1231 680 1496 760 antiquo
1540 696 1835 742 sermone
1877 681 2304 764 genitivorum

161 815 210 874 in
244 832 343 873 um
380 813 728 875 exeuntium
774 830 952 893 usus,
998 829 1162 892 quos
1205 830 1289 873 ex
1334 831 1515 873 orum
1561 820 1928 875 contractos
1955 812 2193 893 dicunt,
2237 824 2308 878 ut

157 944 385 1006 celatum
423 965 486 1007 v.
528 945 677 1026 241,
723 966 1049 1008 nummum
1093 945 1236 1010 954.
1280 946 1424 1008 966.
1468 945 1619 1026 970,
1666 965 1994 1010 nummum
2036 967 2302 1010 aureum

158 1074 315 1157 1139,
353 1097 667 1142 nummum
713 1081 1087 1159 Philippum
1128 1081 1284 1144 9592
1346 1088 1476 1142 tum
1522 1080 1583 1143 in
1627 1079 1726 1143 his
1768 1080 2079 1163 quaedam
2121 1090 2302 1163 sunt,

153 1225 285 1289 quae
320 1228 354 1271 a
393 1210 615 1274 Plauto
659 1209 913 1293 quidem
959 1230 1278 1292 nunquam
1324 1233 1448 1275 non
1491 1222 1819 1276 eontracta
1878 1213 2084 1277 forma
2128 1212 2300 1278 dicta

154 1337 264 1399 sint.
300 1338 438 1401 Non
458 1342 908 1420 Philipporum
952 1347 1197 1403 tantum
1244 1342 1349 1403 vel
1398 1343 1880 1422 Philippeorum
1923 1344 2299 1408 inauditum:

149 1469 238 1531 sed
288 1472 339 1533 si
396 1471 542 1554 qnid
610 1470 803 1535 video
857 1471 1062 1553 ipsum
1120 1491 1538 1535 nummorum.
1639 1474 1825 1552 Quae
1880 1477 2084 1540 forma
2153 1496 2296 1543 cum

146 1620 193 1663 v.
225 1604 331 1667 848
367 1605 425 1667 in
465 1626 867 1669 nummum
911 1603 1213 1669 mutanda
1254 1606 1445 1669 fuerit
1486 1605 1744 1671 iubente
1782 1616 1931 1689 post
1971 1619 2296 1690 receptum

146 1753 210 1797 ex
243 1736 296 1799 A
334 1745 478 1820 quia
518 1739 707 1804 metri
749 1739 1179 1816 necessitate,
1224 1758 1410 1802 uuum
1455 1741 1657 1802 solum
1701 1750 1902 1804 restat
1958 1743 2126 1825 quod
2174 1749 2295 1808 trl-

138 1867 407 1949 syllabam
473 1872 836 1956 genitivum
900 1880 1154 1935 tueatur
1218 1874 1577 1953 exemplum
1646 1894 1708 1935 v.
1754 1874 1913 1939 1522
1983 1878 2295 1938 Nemees.-

133 2017 480 2066 wmmorum
526 2004 945 2082 Philippeum
988 2006 1075 2065 ad
1110 2008 1237 2066 tria
1277 2002 1486 2066 milia.'
1562 2004 1887 2088 Numquid
1926 2008 2124 2089 igitur
2160 2006 2293 2070 du-

134 2128 324 2196 bitabis
374 2135 651 2216 parvula
706 2134 995 2198 immissa
1053 2135 1306 2218 syllaba
1360 2136 1489 2199 hoc
1544 2153 1800 2218 quoque
1843 2139 2022 2202 velut
2066 2140 2165 2204 sic
2211 2138 2294 2204 de

131 2265 303 2329 medio
342 2271 561 2333 tollere
584 2291 604 2332 ε

261 2400 459 2465 Nemo
499 2397 617 2464 hic
658 2409 791 2467 estz
844 2402 1192 2465 Nummum
1234 2397 1631 2484 Philippeum
1676 2398 1758 2463 ad
1802 2404 1923 2464 tria
1966 2397 2288 2466 milia—‘3

131 2529 459 2603 contractio
503 2547 728 2603 autem
772 2539 876 2601 illa
920 2557 1063 2602 cum
1107 2559 1231 2603 non
1265 2541 1351 2604 sit
1392 2540 1728 2603 masculini
1766 2539 2023 2622 generis
2064 2537 2295 2600 finibus

128 2667 606 2754 circumscripta,
664 2668 781 2734 sed
822 2670 1164 2734 rarioribus
1204 2672 1516 2752 exemplis
1561 2670 1750 2733 etiam
1794 2669 1876 2732 ad
1918 2669 2285 2731 femininum

127 2806 438 2879 pertinensz
503 2804 1043 2890 quemadmodum
1089 2824 1278 2868 unum
1331 2804 1452 2886 ipsi
1499 2803 1640 2867 libri
1684 2802 2090 2885 suppeditant
2129 2804 2291 2864 dra-

123 2934 451 3002 chumarum
496 2941 900 3018 Olympicum
940 2956 1009 2999 v.
1049 2936 1179 2998 425
1199 2981 1221 3018 ,
1290 2938 1380 3000 ita
1430 2936 1572 2999 sine
1623 2936 1796 2999 libris
1850 2938 2115 2999 alterum
2169 2954 2292 2999 ac·-

127 3069 285 3130 oessit
321 3091 384 3133 v.
430 3069 603 3134 1052
645 3072 882 3131 duum
924 3088 1178 3130 rerum.-
1234 3066 1407 3151 quod
1468 3077 1533 3129 ut
1571 3087 1685 3148 pro
1727 3071 2002 3132 duarum
2042 3070 2290 3132 substi-

125 3203 370 3266 tueretur
434 3202 782 3288 flagitabat
843 3201 1123 3284 reposito
1187 3204 1439 3280 coepiac
1501 3212 1742 3265 mutata
1804 3220 2038 3266 versus
2075 3205 2284 3285 ratio,

118 3329 440 3397 suadebant
481 3343 705 3398 autem
742 3336 940 3395 duum
985 3332 1229 3394 formae
1263 3348 1376 3411 pro
1414 3333 1686 3393 duorum
1712 3331 1962 3412 positae
1990 3335 2287 3414 exempla

118 3478 235 3527 eum
263 3487 297 3528 e
317 3468 577 3530 Naevio
622 3475 685 3528 et
708 3466 1035 3528 Frontone
1077 3483 1118 3527 a
1141 3464 1436 3529 Charisio
1479 3485 1538 3546 p.
1564 3466 1678 3528 101
1708 3483 1805 3547 sq.
1847 3463 2128 3527 excitata
2151 3473 2284 3529 tum

115 3602 252 3678 apud
294 3606 500 3687 ipsum
535 3607 829 3669 Plautum
864 3607 1041 3669 Men.
1075 3624 1169 3687 ιιι,
1196 3605 1261 3688 3,
1292 3607 1369 3669 18
1411 3616 1680 3671 exstans
1709 3610 1905 3671 duum
1937 3627 2287 3672 nummum.

108 3761 178 3776 -
211 3734 474 3800 Possum
518 3737 621 3799 his
664 3738 788 3801 alia
826 3737 1095 3801 addere:
1141 3738 1398 3821 quintae
1444 3740 1886 3805 declinationis
1928 3744 2284 3827 genitivum

108 3883 140 3924 e
172 3884 277 3945 pro
317 3875 410 3945 ei,
458 3868 791 3935 secundae
831 3876 860 3932 i
896 3891 1010 3954 pro
1053 3876 1128 3950 ii.
1175 3876 1616 3939 accusativum
1641 3876 1868 3940 tertiae
1893 3881 1966 3937 ἑο
2006 3894 2120 3956 pro
2163 3897 2288 3937 u.-

108 3999 214 4058 nisi
252 3981 415 4065 haee
457 4004 847 4087 pervulgata
887 4005 1035 4067 sint.
1079 4006 1306 4088 ltaque
1344 4007 1545 4070 tribus
1573 4008 1789 4071 verbis
1817 4006 2053 4087 dicam,
2097 3987 2286 4088 quam

105 4138 158 4200 in
194 4141 289 4205 his
326 4144 502 4208 viam
548 4147 876 4210 tenuerim.
961 4149 1044 4210 Et
1086 4149 1145 4210 in
1191 4152 1256 4208 ii
1296 4145 1545 4228 quidem
1573 4148 1944 4206 terminatos
1965 4142 2288 4226 genitivos

105 4283 166 4336 ut
199 4279 441 4356 ingenii
482 4280 624 4344 nihil
686 4282 1025 4364 quicquam
1087 4277 1391 4363 praesidii
1434 4278 1670 4342 habere
1729 4285 1970 4341 tanturn
2016 4275 2283 4341 tironum
