2824 4890
2224 357 2324 420 x(

169 523 433 589 Rursum
476 534 687 590 autem
730 537 995 617 servata
1042 531 1111 593 in
1147 550 1204 611 p.
1241 530 1367 595 435
1405 535 1779 600 tenuissima
1815 540 2097 624 vestigia
2140 541 2342 606 haece

434 662 576 726 3.
744 710 758 728 .
930 713 943 727 .
1119 714 1133 730 .
1301 713 1316 730 .
1485 714 1499 731 .
1673 717 1687 735 .
1858 696 2050 741 ,ιω

394 800 577 873 120

396 933 476 995 18
537 953 578 1006 o
2032 999 2046 1015 .

156 1063 335 1128 facile
375 1067 740 1151 intelligitur
769 1083 1064 1153 spectare
1089 1074 1169 1138 ad
1194 1096 1256 1138 v.
1286 1079 1464 1141 1041.
1495 1079 1673 1144 1047.
1703 1084 1893 1148 10523
1939 1085 2335 1170 frequentius

155 1197 304 1261 enim
349 1211 606 1282 propter
649 1206 899 1269 nimiam
944 1211 1416 1290 amplitudinem
1460 1219 1912 1294 anapaesticos
1962 1237 2148 1301 quam
2199 1233 2335 1285 tro-

155 1329 400 1396 chaicos
445 1340 851 1416 septenarios
898 1342 956 1404 in
1002 1344 1184 1407 binos
1241 1344 1521 1427 dispesci
1565 1369 1685 1411 non
1729 1360 1829 1414 est
1875 1357 2116 1416 mirum.
2169 1356 2343 1439 Ergo

154 1463 205 1523 si
243 1468 302 1526 in
352 1485 415 1528 v.
467 1465 632 1532 1016
674 1469 1005 1538 desinebat
1046 1496 1105 1557 p.
1147 1476 1298 1560 432,
1361 1498 1401 1541 a
1444 1500 1508 1543 v·
1556 1483 1723 1546 1040
1780 1483 1875 1558 (id
1920 1486 2084 1567 quod
2129 1488 2347 1551 eredi—

155 1594 329 1661 bilius
372 1620 564 1676 quam
607 1624 647 1667 a
692 1607 888 1684 1039)
948 1610 1287 1695 incipiebat
1336 1636 1394 1699 p.
1426 1617 1575 1699 435,
1636 1638 2048 1705 consequens
2115 1635 2217 1688 est
2279 1638 2349 1690 ut

154 1733 511 1801 interiectae
547 1742 823 1824 paginae
861 1745 1054 1809 445⁶.
1096 1750 1222 1812 446
1238 1753 1300 1831 b,
1342 1771 1606 1834 quarum
1648 1756 1845 1818 altera
1888 1757 2078 1820 habet
2115 1760 2175 1820 in
2218 1758 2344 1821 fine

154 1873 569 1949 quaternionis
630 1883 1015 1945 notationem
1076 1884 1400 1967 xnvm,
1465 1889 1762 1951 versibus
1822 1890 1989 1953 1017
2045 1901 2111 1954 et
2175 1891 2342 1955 1039

156 2002 458 2072 finiantur.
558 2012 707 2075 Non
766 2015 974 2080 minus
1031 2021 1227 2082 certis
1285 2021 1534 2084 indiciis
1599 2024 2006 2107 cognoscitur
2063 2027 2345 2107 paginae

154 2143 356 2227 4461»,
421 2147 491 2209 in
535 2151 722 2214 cuius
762 2150 890 2216 fine
932 2156 1254 2219 xbvlm
1308 2160 1627 2240 positum,
1683 2160 1920 2223 initium
1984 2160 2119 2222 fleri
2182 2180 2222 2223 a
2279 2181 2347 2224 v,

160 2277 340 2343 1270:
383 2282 449 2344 in
497 2301 624 2364 qua
668 2302 813 2348 cum
855 2287 917 2349 hi
961 2288 1173 2353 exitus
1206 2289 1399 2354 hodie
1427 2291 1627 2354 relicti
1658 2296 1787 2354 sint
1814 2310 2121 2356 versuum
2157 2292 2341 2356 1270.

158 2409 323 2478 1²72.
369 2414 554 2480 1277.
601 2415 794 2485 1281:

390 2567 421 2628 1
519 2612 534 2628 .
706 2613 720 2629 .
891 2615 906 2630 .
1076 2615 1092 2632 .
1263 2618 1278 2633 .
1449 2620 1463 2633 .
1636 2620 1650 2636 .
1817 2619 1831 2635 .
1922 2593 2097 2638 Amr.-

389 2703 433 2767 3
522 2750 538 2766 .
708 2751 723 2766 .
891 2755 905 2769 .
1083 2754 1097 2770 .
1263 2756 1278 2772 .
1449 2755 1465 2771 .
1635 2755 1649 2770 .
1819 2756 1831 2770 .
1987 2729 2099 2775 nn·

386 2842 431 2905 8
509 2859 548 2914 o
703 2888 718 2903 .
891 2888 906 2902 .
946 2795 955 2802 1
1073 2889 1088 2904 .
1259 2886 1276 2904 .
1447 2889 1461 2905 .
1633 2889 1647 2905 .
1902 2863 2100 2908 own·

354 2978 434 3040 14
522 3019 540 3038 .
711 3021 727 3039 .
894 3022 909 3037 .
1082 3024 1097 3040 .
1273 3024 1287 3040 .
1457 3022 1471 3039 .
1641 3022 1656 3039 .
1830 3024 1845 3040 .
1988 2997 2104 3042 nn·

163 3125 451 3191 credibile
494 3135 597 3190 est
640 3148 681 3192 a
726 3148 924 3193 versu
972 3131 1221 3194 circiter
1255 3129 1419 3193 1285
1442 3147 1739 3192 exorsam
1770 3145 1922 3191 esse
1954 3147 2014 3209 p.
2036 3127 2161 3190 427
2177 3149 2234 3189 a.
2267 3157 2349 3173 --

164 3254 459 3324 Ceterum
500 3262 689 3325 etiam
731 3261 999 3325 alterius
1044 3262 1474 3345 quaternionis
1513 3262 1754 3325 notatio
1795 3260 2021 3323 xhvl
2059 3260 2353 3339 apparuit

163 3389 217 3449 in
257 3390 379 3454 ima
421 3413 483 3474 p.
525 3394 680 3457 288:
741 3396 912 3458 nulla
958 3404 1201 3473 tamen,
1247 3393 1543 3475 quamvis
1588 3392 1819 3454 acriter
1860 3394 2230 3473 vestigata,
2293 3390 2355 3449 in

165 3537 221 3597 p-
260 3522 430 3586 4286
476 3524 635 3604 (L.)
675 3561 759 3575 —
815 3528 1166 3590 Praeterea
1219 3544 1345 3588 non
1403 3523 1652 3587 nescire
1699 3524 1918 3586 harum
1976 3540 2177 3584 rerum
2232 3539 2355 3584 cu-

168 3650 363 3715 riosos
408 3654 559 3717 volo
617 3656 908 3739 paginam
948 3655 1077 3718 275
1114 3654 1393 3736 incipere
1434 3653 1515 3717 ab
1558 3670 1801 3716 numm
1845 3653 2060 3715 verbis
2103 3654 2165 3715 in
2207 3658 2349 3716 sin-

167 3787 360 3866 gulari
420 3805 620 3852 versu
676 3791 942 3872 positis,
1009 3790 1306 3853 desinere
1362 3798 1575 3852 autem
1630 3789 1692 3851 in
1752 3805 2059 3864 Loquens
2080 3831 2101 3869 ,
2157 3787 2246 3848 ita
2289 3798 2362 3849 ut

168 3924 450 3995 proxima
494 3937 761 3995 omnms
806 3940 939 3984 vox
984 3932 1257 4003 occupet
1299 3921 1569 4003 primum
1609 3937 1866 3982 versum
1895 3919 2171 4000 paginae
2201 3916 2357 3978 2762

166 4052 521 4134 pariterque
562 4057 866 4136 paginam
908 4055 1035 4117 282
1075 4053 1396 4117 terminari
1441 4069 1779 4124 usuum-un:
1820 4049 2108 4131 syllabis.

326 4199 579 4280 Quodsi
623 4202 1092 4286 deperditarum
1138 4202 1641 4268 membranarum
1683 4198 2041 4262 intervallis
2088 4213 2205 4260 eas
2251 4195 2361 4260 ia-

164 4331 349 4400 bulae
406 4346 620 4418 partes
678 4341 1026 4403 contuleris
1083 4355 1250 4419 quae
1304 4339 1469 4400 inter
1521 4331 1904 4415 superstites
1962 4332 2362 4396 membranas
