2824 4890
480 365 779 431 xtavlu‘

477 560 689 614 tamen
735 550 920 613 simul
971 546 1353 611 incredibilis
1400 547 1631 609 Plauto
1676 546 1891 610 clades
1937 547 2108 609 illata
2144 557 2261 612 est.
2316 549 2486 613 Nam
2521 568 2691 632 quae

479 692 618 746 erat
675 684 780 745 illa
836 690 1048 743 aetate
1104 683 1361 744 criticae
1420 681 1576 743 artis
1644 681 2035 745 imbecillitas
2097 692 2158 743 et
2219 692 2521 765 tanquam
2590 685 2692 745 in-

478 815 675 878 fantia
705 860 722 894 ,
786 812 1166 893 saepissime
1227 812 1504 893 legitima
1550 811 1909 875 emendatio
1956 814 2015 874 in
2059 831 2370 877 summam
2420 816 2692 878 coniici-

478 945 622 1009 eudi
667 944 978 1007 libidinem
1012 942 1552 1024 interpolandique
1582 946 2002 1008 temeritatem
2036 948 2247 1009 evasit
2280 964 2424 1013 cum
2453 966 2694 1030 magna

481 1075 762 1141 mutandi
823 1076 1134 1156 imperitia
1193 1076 1614 1136 coniunctam.
1705 1076 1888 1152 Quae
1954 1078 2114 1140 ratio
2171 1079 2471 1142 universa
2537 1099 2686 1145 cum

477 1212 781 1276 insecutis
825 1208 1101 1270 saeculis
1147 1206 1462 1268 litteratos
1504 1206 1836 1291 homines,
1900 1217 1967 1270 ut
2011 1210 2069 1270 in
2115 1209 2236 1271 hoc
2275 1231 2517 1295 genere
2560 1232 2693 1293 pa-

472 1363 606 1406 rum
651 1342 752 1404 vel
800 1341 1086 1404 curiosos
1128 1338 1235 1399 vel
1284 1336 1669 1419 prudentes,
1712 1358 1976 1420 prorsus
2022 1341 2286 1424 lateret,
2348 1345 2568 1409 evenit
2614 1354 2693 1406 ut

479 1495 620 1538 cum
680 1482 829 1536 ante
884 1472 1316 1536 Camerarium
1376 1488 1601 1533 omnes
1656 1470 1974 1533 editiones
2038 1472 2391 1537 adulterato
2449 1477 2693 1540 funda-

476 1616 691 1669 mento
737 1610 1111 1683 niterentur,
1155 1617 1287 1666 tum
1333 1605 1793 1667 recentioribus
1837 1625 2091 1688 quoque
2135 1610 2377 1671 multae
2417 1629 2502 1671 ex
2544 1612 2689 1673 lta-

479 1739 602 1799 lica
662 1737 764 1798 illa
827 1735 1311 1816 interpolatione
1374 1735 1605 1797 sordes
1673 1736 2136 1804 inhaerescant.
2242 1741 2406 1802 Eius
2466 1752 2688 1807 autem

473 1870 865 1934 recensionis
912 1869 1271 1949 exem‘plum
1318 1869 1377 1929 in
1423 1869 1642 1949 paucis
1671 1871 1992 1950 plenums
2033 1872 2270 1942 (rectiu
2319 1873 2484 1937 enim
2531 1875 2692 1955 ple·

474 2024 623 2066 num
669 2003 893 2066 videor
934 2020 1121 2085 quam
1165 2001 1481 2083 integrum
1525 2004 1798 2076 vocare)
1840 2002 1906 2064 F
1947 2013 2273 2084 praestat:
2336 2009 2526 2068 cuius
2583 2009 2690 2069 si-

472 2137 732 2199 millimo
794 2135 1020 2198 codice
1067 2133 1357 2197 secunda
1419 2151 1645 2196 manus
1697 2136 1891 2196 nostri
1946 2138 2009 2197 Ε
2047 2136 2180 2198 libri
2237 2154 2359 2200 usa
2403 2138 2463 2199 iu
2506 2138 2688 2205 huno

470 2287 720 2332 summa
764 2267 1071 2330 industria
1113 2267 1320 2329 intulit
1361 2264 1780 2348 corrigendo,
1823 2266 2115 2348 quicquid
2161 2286 2197 2328 a
2244 2272 2489 2350 primae
2534 2291 2686 2333 ma-

467 2421 588 2466 nus
631 2403 945 2485 scriptura
989 2399 1367 2481 discrepans
1414 2398 1473 2459 in
1521 2396 1623 2461 illo
1668 2397 1895 2460 codiee
1957 2399 2486 2482 deprehenderet.
2580 2407 2683 2469 lta

468 2537 668 2620 igitur
726 2536 968 2596 factum
1026 2539 1128 2594 est
1184 2538 1291 2613 ut,
1357 2547 1502 2592 cum
1565 2531 1888 2592 Vrsiniani
1944 2532 2212 2597 indolem
2257 2538 2366 2598 Ea
2410 2556 2686 2618 reprae—

463 2678 715 2749 sentet,
768 2667 1022 2748 plenum
1067 2666 1487 2747 interpolatae
1542 2668 1934 2730 recensionis
1996 2671 2356 2750 exemplum
2399 2671 2504 2731 Eo
2547 2670 2681 2731 ha—

465 2796 753 2857 beamus.
818 2793 898 2857 ‘A
944 2812 1072 2876 quo
1122 2794 1309 2875 pleno
1353 2796 1649 2877 exemplo
1696 2796 1891 2859 variis
1947 2796 2298 2862 intervallis
2341 2800 2444 2863 alii
2492 2798 2681 2862 codi-

466 2951 625 3012 ces,
685 2934 871 3013 eique
913 2950 1172 2994 numero
1217 2932 1510 3013 plurimi,
1567 2938 1655 2995 ita
1709 2920 2037 3017 recedunt,
2098 2954 2221 2997 non
2266 2947 2332 2999 ut
2395 2956 2676 3018 unquam

463 3084 673 3128 novae
714 3064 1119 3127 mutationes
1176 3065 1236 3125 in
1306 3065 1757 3128 tralaticiarum
1823 3067 2030 3128 locum
2093 3068 2457 3132 subsitutae
2519 3070 2678 3151 sint,

459 3198 579 3260 sed
643 3207 712 3261 ut
772 3217 989 3262 earum
1052 3207 1234 3280 parte
1295 3207 1535 3262 tautum
1594 3206 1854 3281 recepta
1916 3199 2075 3261 alias
2130 3201 2492 3283 quicunque
2553 3201 2680 3266 fuit

460 3353 820 3418 propagare
883 3338 1133 3398 veritus
1203 3335 1284 3397 ad
1342 3344 1632 3397 veterem
1698 3335 2075 3416 scripturam
2143 3335 2417 3398 redierit.
2519 3338 2677 3401 Hac

460 3471 569 3532 via
613 3473 851 3535 mixtae
894 3492 930 3532 e
972 3476 1037 3537 D
1082 3482 1145 3535 et
1191 3473 1261 3539 17'
1294 3477 1399 3549 (ut
1454 3474 1786 3537 brevitatis
1845 3492 2084 3537 caussa
2143 3476 2240 3536 sic
2301 3475 2674 3556 loquamur)

457 3605 869 3666 recensiones
916 3614 1094 3668 ortae
1140 3615 1326 3686 sunt,
1376 3606 1797 3687 interpolatae
1839 3593 1984 3668 illae
2027 3606 2313 3689 quidem,
2354 3606 2473 3669 sed
2508 3598 2671 3674 {no-4

457 3736 596 3800 dice
641 3739 1093 3820 interpolataet
1154 3739 1450 3822 qualium'
1484 3739 1544 3801 in
1600 3759 1857 3804 numero
1901 3760 2040 3803 cum
2089 3741 2328 3804 H'tum
2377 3741 2448 3804 K
2486 3739 2668 3824 sunt,

455 3871 736 3934 fortasse
796 3873 983 3934 etiam
1032 3872 1120 3932 Io.
1172 3871 1504 3952 Baptistae
1548 3869 1646 3932 Pii
1703 3872 1981 3952 itemque
2029 3871 2321 3951 Dionysii
2365 3870 2668 3934 Lambini

447 3993 682 4086 ‘prisca
726 3990 1132 4084 exemplaria'
1176 4003 1281 4063 vel
1327 3989 1582 4084 ‘antiqui
1627 3987 1931 4081 codices',
1988 4005 2090 4085 qui
2132 4012 2345 4066 tamen
2388 4012 2667 4084 possunt

452 4133 639 4196 etiam
686 4150 953 4214 prorsus
1000 4131 1263 4212 congrui
1308 4143 1451 4193 cum
1497 4130 1661 4193 mm
1703 4127 1923 4193 fuisse.

611 4266 713 4330 Ad
754 4269 1017 4332 mixtum
1061 4279 1275 4333 autem
1318 4289 1525 4356 genus
1572 4271 1694 4334 etsi
1738 4273 1797 4334 Ζ
1839 4271 2124 4353 proxime
2173 4272 2466 4353 accedit,
2532 4291 2662 4336 non
