2824 4890
464 340 877 405 chxxvm

460 525 743 607 gentiam
789 543 911 603 que
957 520 1280 583 excidisse
1327 514 1714 579 credendum
1764 522 1866 576 est
1909 514 2232 576 Palatinis.
2322 511 2424 574 Ad
2461 513 2662 574 verba

337 663 343 668 ’
459 665 531 718 ut
578 655 858 732 redeam,
906 651 1073 734 quod
1115 652 1173 711 in
1219 656 1455 727 ayitur,
1505 649 1563 710 id
1612 651 1800 710 etiam
1848 650 1907 710 in
1953 670 2111 725 ayor
2147 656 2212 709 et
2247 649 2510 708 amabor
2542 664 2666 708 ca-

454 788 606 851 dere
650 787 1086 864 ratiocinatuS,
1132 783 1337 845 habeo
1384 781 1551 864 quod
1598 780 1826 843 addam
1874 788 2236 859 praeterea,
2282 779 2664 840 infinitivum

451 920 512 981 in
556 923 651 978 ier
694 917 982 998 syllabas
1028 922 1405 976 exeuntem:
1452 930 1597 973 nam
1643 911 1809 992 quod
1855 914 2053 970 dicier
2087 913 2353 990 fungier
2400 913 2467 972 iu
2517 930 2667 971 me-

460 1049 582 1111 diis
647 1049 942 1109 versibus
1005 1066 1127 1107 non
1182 1047 1392 1107 solent
1449 1046 1774 1126 dactylum
1831 1064 2152 1125 aequare,
2217 1045 2280 1106 id
2337 1064 2463 1106 non
2520 1045 2672 1107 inde

454 1184 872 1264 repetendum
921 1200 1114 1263 esse,
1159 1180 1324 1260 quod
1369 1181 1516 1242 illae
1562 1180 1805 1241 formae
1852 1182 2067 1241 cretici
2115 1199 2478 1242 mensuram
2528 1185 2672 1261 pri-

455 1317 740 1378 mitivam
787 1313 1159 1393 habuerint,
1205 1319 1500 1390 correpta
1559 1312 1617 1370 iu
1663 1311 2096 1391 anapaesticis
2140 1313 2359 1373 ultima
2402 1312 2670 1393 syllaba

456 1445 675 1525 docet,
722 1463 907 1524 quam
954 1445 1087 1504 iure
1130 1461 1249 1504 suo
1282 1442 1690 1503 Hermannus
1715 1451 1777 1502 et
1808 1442 2089 1504 defendit
2120 1447 2182 1504 in
2213 1444 2409 1504 lahnii
2434 1447 2672 1506 Annal.

455 1580 600 1661 phil.
627 1587 668 1642 t.
693 1595 897 1640 xxxv.
922 1598 979 1658 p.
1010 1576 1131 1638 194
1171 1585 1236 1637 et
1278 1575 1535 1636 admisit
1576 1576 1635 1635 in
1667 1573 1969 1636 Bacchid.
2000 1573 2193 1639 ¹13¹:
2243 1577 2362 1636 Ιιοσ
2407 1574 2670 1637 e'xord-

451 1712 582 1769 rier
626 1710 741 1769 a'bs
786 1715 865 1767 te.
907 1706 1039 1768 Sed
1068 1713 1216 1786 post
1246 1705 1791 1767 ratiocinationem
1824 1703 2170 1766 videndum
2205 1703 2286 1765 de
2323 1707 2663 1787 exemplis.

452 1839 516 1900 A
560 1839 785 1918 quibus
839 1856 1083 1899 rursum
1145 1837 1557 1920 segreganda
1601 1855 1769 1918 quae
1811 1835 2103 1896 incidens
2145 1854 2459 1916 personae
2507 1858 2666 1899 mu·

456 1972 612 2033 tatio
657 1979 1001 2051 segregat,
1064 1979 1129 2032 ut
1175 1972 1319 2032 Aul.
1365 1989 1438 2050 ιι,
1484 1971 1550 2051 2,
1594 1971 1679 2032 39
1720 1973 2014 2045 arbitror,
2065 1970 2296 2036 Bacch.
2343 1991 2388 2032 v
2401 2017 2424 2052 ,
2474 1977 2533 2053 1,
2576 1972 2674 2036 30

453 2122 695 2177 moror,
746 2102 899 2165 Cas,
947 2117 1053 2184 iv,
1101 2101 1179 2178 2,
1230 2103 1305 2164 12
1347 2104 1679 2181 speculor:
1736 2103 1843 2164 vel
1904 2104 2165 2183 gravior
2212 2105 2667 2184 interpunctio,

452 2244 520 2297 ut
563 2236 727 2299 Rud.
773 2255 865 2312 ιιι,
904 2237 965 2312 6,
1020 2238 1097 2299 14
1138 2258 1349 2299 moror
1392 2239 1572 2311 (item
1616 2243 1814 2316 iqitur
1857 2239 2088 2302 Bacch.
2118 2258 2161 2316 1,
2197 2241 2251 2316 1,
2279 2239 2413 2313 56).
2467 2242 2669 2301 Mer-

447 2375 687 2436 catoris
729 2385 939 2437 autem
981 2393 1050 2454 11,
1094 2373 1156 2454 3,
1200 2375 1284 2436 ’7⁸7
1328 2391 1471 2435 cum
1515 2374 1577 2434 in
1618 2374 1790 2435 libris
1833 2377 1931 2436 sic
1977 2376 2262 2458 scriptus
2303 2376 2391 2436 sit

619 2502 863 2568 Hercle
905 2507 1050 2588 quin
1097 2515 1166 2567 tu
1209 2502 1387 2566 recte
1434 2504 1594 2568 dicis
1638 2513 1703 2566 et
1744 2505 1852 2565 tibi
1899 2506 2241 2586 adsentior,

450 2636 596 2719 quis
641 2638 750 2698 vel
789 2654 932 2698 cum
985 2634 1355 2697 Camerario
1400 2638 1516 2695 tibi
1556 2633 1878 2695 decentior
1920 2656 2034 2712 eqo
2082 2636 2185 2696 vel
2235 2654 2378 2698 curn
2428 2637 2668 2700 Bothio

447 2770 562 2828 tibi
597 2765 896 2828 desento'r
937 2789 1055 2845 eqo
1089 2763 1557 2851 amplectatur?
1603 2770 1673 2829 ln
1713 2777 2007 2849 promptu
2044 2771 2237 2831 multa
2272 2780 2452 2831 sunt:
2504 2771 2666 2833 nihil

448 2899 796 2979 simplicius
837 2916 1021 2979 quam
1068 2900 1132 2960 ἐι
1171 2904 1284 2961 tibi
1322 2904 1608 2981 equidem
1670 2900 2017 2963 adse'nlior.
2121 2903 2276 2964 Item
2339 2905 2478 2982 quis
2547 2905 2660 2965 in-

449 3036 810 3107 corruptum
869 3027 1124 3089 habebit
1181 3047 1368 3108 quem
1417 3028 1603 3112 Capt.
1649 3048 1749 3111 lv,
1804 3032 1866 3108 2,
1915 3032 1984 3093 11
2039 3033 2246 3095 Vetus
2289 3034 2479 3095 talem
2528 3054 2662 3096 ex-

446 3159 621 3221 hibet
663 3159 939 3220 numeris
984 3157 1233 3239 quidem
1281 3161 1503 3224 nullis:

613 3293 873 3354 Emiuor
905 3293 1394 3373 interminor-que
1433 3312 1512 3353 ne
1550 3294 1692 3375 quis
1726 3295 1869 3357 mihi
1903 3295 2218 3359 obstiterit
2242 3297 2492 3361 obuiam
2515 3335 2596 3345 ——
2618 3296 2659 3363 ⁴3

444 3425 572 3486 Vbi
587 3443 859 3517 perraro
886 3424 1179 3504 exemplo
1210 3423 1441 3505 aliquid
1469 3424 1624 3485 vidit
1651 3426 1757 3505 qui
1787 3431 2029 3487 emmor
2056 3429 2340 3504 verbum,
2378 3449 2659 3508 prorsus

441 3556 590 3618 illud
611 3557 981 3634 ‚solitarium
1021 3566 1218 3638 atque
1244 3554 1406 3617 adeo
1440 3558 1698 3620 rationis
1727 3578 1983 3639 experS,
2033 3559 2189 3620 dixit
2217 3580 2300 3621 ex
2325 3562 2409 3621 Ε.
2443 3569 2658 3625 minor

444 3688 505 3751 h.
553 3710 608 3752 e.
654 3691 875 3751 Minor
922 3703 986 3752 et
1028 3694 1357 3753 EucAsim
1402 3712 1718 3773 personae
1763 3705 1912 3756 nota
1959 3704 2202 3759 ortumt
2250 3697 2422 3757 unde
2468 3702 2658 3763 unius

439 3823 732 3906 syllabae
775 3823 1126 3885 adiectione
1172 3826 1269 3886 sic
1308 3834 1482 3888 totus
1522 3846 1750 3890 versus
1796 3829 2142 3909 integritati
2175 3832 2658 3897 restituendus:

610 3972 824 4038 Minor
865 3973 1359 4058 inter-minorque
1402 3998 1484 4039 ne
1530 3979 1673 4058 quis
1712 3976 1879 4040 nunc
1924 3983 2003 4042 mi
2043 3982 2360 4064 opstiterit
2398 3978 2656 4047 obuiam

442 4126 551 4186 vel
593 4125 756 4187 mae'lu’
792 4131 922 4187 iam
967 4128 1278 4187 obstiterit
1318 4124 1584 4190 o'buiam.
1669 4131 1735 4192 N
1741 4148 1820 4192 ee
1863 4134 2150 4214 profecto
2193 4137 2355 4199 satis
2401 4148 2652 4203 eertum

443 4256 567 4319 dici
611 4261 953 4323 Asinariae
996 4264 1357 4345 exemplum
1404 4273 1617 4345 potest
1659 4284 1703 4349 1,
1758 4268 1814 4347 1,
1860 4270 1973 4333 482
