2824 4890
452 332 736 403 CXCIV

620 508 766 578 Nisi
798 525 801 529 ’
829 510 1017 571 etiam
1084 500 1363 568 labdrem
1432 498 1510 560 ad
1571 499 1872 561 damnum
1932 490 2249 572 a'ppeuam
2305 489 2677 571 epithecam

1239 611 1245 616 ¹
1822 625 2096 708 insuper.

623 778 769 844 Hae
814 776 1025 839 sonitu
1071 768 1191 833 sud
1240 767 1386 829 mihi
1433 781 1673 826 moram
1720 758 2005 821 obiciunt
2047 756 2466 822 incommode.

454 921 556 981 Ex
608 915 714 976 his
768 908 1080 986 exemplis
1140 912 1266 966 tam
1320 908 1561 959 certum
1590 937 1610 974 ,
1674 901 1739 953 ut
1783 913 1907 954 non
1952 895 2159 973 possit
2201 905 2302 954 sat
2347 891 2474 952 leni
2520 910 2687 988 inu-3·

456 1050 692 1116 tatione
737 1038 1076 1111 removeri,
1122 1033 1354 1094 nullum
1398 1036 1499 1088 cst
1544 1035 1795 1106 praeter
1841 1035 2121 1100 sextum,
2170 1026 2269 1087 cni
2312 1041 2441 1104 ego
2474 1027 2687 1104 quin-

457 1198 592 1249 tum
634 1175 835 1252 socio,
882 1163 1291 1251 quantumvis
1336 1161 1418 1220 ibi
1461 1157 1663 1219 facilis
1707 1156 1792 1216 sit
1833 1158 2145 1254 arbitratu
2184 1176 2318 1215 meo
2367 1164 2680 1235 transpo-

459 1315 644 1374 sitio:
688 1304 773 1367 de
815 1297 1070 1379 reliquis
1121 1293 1410 1356 omnibus
1464 1291 1680 1352 varias
1728 1289 1807 1349 ob
1850 1306 2121 1350 caussas
2167 1307 2320 1349 esso
2364 1288 2682 1352 dubitan-

374 1462 387 1468 ”
463 1448 611 1511 dum
657 1449 824 1523 puto.
912 1440 1129 1518 Atque
1172 1432 1484 1511 septimus
1531 1443 1763 1486 versus
1806 1441 1921 1484 cur
1968 1428 2053 1484 sit
2110 1425 2249 1484 sine
2293 1440 2470 1483 mora
2522 1423 2683 1483 hino

460 1577 871 1659 relegandus,
917 1590 1112 1652 supra
1159 1567 1348 1630 docui
1383 1584 1438 1645 p.
1475 1578 1668 1627 chx.
1759 1562 1856 1620 De
1888 1569 2113 1639 quarto
2138 1579 2261 1619 non
2291 1556 2679 1635 dubitarem,

461 1714 579 1776 nisi
613 1712 781 1773 aliud
808 1713 948 1790 ipsa
975 1706 1263 1769 codicum
1294 1700 1571 1781 vestigia
1603 1696 1971 1774 suaderent,
2005 1696 2087 1756 de
2114 1695 2344 1775 quibus
2376 1714 2435 1774 p.
2461 1710 2675 1754 nxxn.

465 1847 715 1908 dictum.
804 1846 965 1903 Tres
1014 1847 1225 1900 autem
1271 1838 1507 1916 primos
1552 1850 1782 1895 versus
1828 1852 1994 1913 nego
2039 1832 2231 1893 hiatui
2278 1831 2677 1894 admittendo

463 1980 717 2040 omnino
759 1982 861 2036 sat
902 1969 1273 2033 commodos
1317 1988 1495 2032 essct
1552 1967 1633 2031 ad
1691 1985 1881 2047 quem
1933 1969 2054 2028 etsi
2122 1967 2375 2027 minime
2416 1967 2675 2048 requiro

463 2114 824 2198 graviorem
885 2109 1158 2191 aliquam
1211 2106 1510 2168 orationis
1568 2104 1990 2180 institionem,
2049 2109 2260 2161 tamen
2324 2101 2528 2161 altera
2592 2120 2681 2162 ex

465 2257 643 2331 parte
706 2254 1204 2307 consentaneum
1258 2253 1357 2302 est
1418 2258 1773 2322 repugnare
1830 2237 2033 2320 *hiatui
2095 2241 2133 2298 i.
2196 2258 2251 2298 e.
2328 2238 2685 2298 cessationi

465 2382 649 2444 vocis
694 2381 854 2441 tales
900 2377 1236 2442 verborum
1283 2376 1799 2435 constructiones
1861 2373 2454 2451 enuntiator-umque
2510 2391 2680 2434 con-

461 2516 897 2592 formationes,
936 2512 1162 2593 quibus
1197 2531 1314 2573 eae
1344 2514 1526 2591 ipsae
1555 2529 1780 2588 voceS,
1825 2530 1985 2592 quas
2014 2512 2402 2573 discriminet
2441 2511 2679 2589 hiatsu,

460 2652 732 2732 ligentur
777 2654 984 2730 potius
1029 2659 1091 2711 et
1136 2651 1471 2714 continuae
1517 2647 2039 2727 pronuntiationis
2086 2646 2477 2707 necessitate
2525 2646 2683 2706 vin-

461 2783 723 2844 ciantur.
810 2784 982 2845 Nihil
1048 2782 1355 2844 eiusmodi
1411 2786 1471 2843 in
1525 2781 1777 2861 reliquis
1846 2782 1949 2841 vel
2005 2778 2350 2841 'l'rinummi
2412 2781 2519 2841 vel
2577 2781 2683 2844 his

463 2917 843 2978 Bacchidum
890 2919 1200 2998 exemplis
1243 2916 1441 2979 hiatui
1488 2919 1732 2979 obstat:

635 3054 868 3148 'Atque
913 3080 1166 3132 ecastor
1209 3069 1363 3151 aput
1404 3071 1577 3133 hunc
1613 3078 1885 3153 fluuium
1925 3073 2174 3152 dliquid
2210 3062 2689 3150 perdundumst

1794 3204 1937 3263 tibi:

630 3317 737 3392 'lbi
784 3349 973 3394 cursu
1022 3331 1342 3413 luctando,
1390 3337 1592 3414 disco,
1636 3334 1847 3406 Ιιάεία,
1900 3330 2220 3414 pugnaui,
2269 3332 2425 3412 pila:

637 3450 810 3524 'lude
852 3462 930 3523 de
953 3463 1368 3545 hippodromo
1407 3463 1472 3524 et
1496 3465 1825 3541 palaestra
1851 3463 1959 3524 u'bi
1986 3460 2357 3524 reuertisses
2385 3460 2685 3527 domum:

629 3584 704 3659 'lt
748 3601 1058 3679 magister
1102 3598 1288 3681 quasi
1335 3603 1602 3662 lucerna
1648 3600 1841 3660 vincto
1887 3607 2189 3677 exspreta
2234 3592 2463 3656 linteo:

464 3748 651 3808 immo
696 3750 1028 3827 aptissima
1071 3752 1269 3814 hiatui
1313 3771 1467 3815 esse
1512 3754 1787 3814 membra
1815 3752 2119 3811 orationis
2153 3757 2436 3829 apparet.
2490 3746 2685 3809 Con—

464 3884 564 3937 tra
621 3877 898 3958 dispesci
955 3888 1016 3941 te
1071 3886 1160 3942 ita
1213 3903 1356 3943 esse
1415 3890 1479 3943 et
1548 3889 1618 3941 at
1659 3889 1728 3942 tre
1771 3882 1993 3957 edepol
2033 3899 2112 3940 eo
2159 3880 2366 3975 minus
2410 3878 2683 3957 licebat,

462 4008 626 4089 quod
677 4008 839 4071 haec
885 4012 1082 4074 verba
1127 4014 1479 4074 fortissima
1518 4014 1940 4092 interpunctio
1983 4009 2348 4091 praecedit,
2410 4009 2519 4069 illa
2570 4011 2675 4070 lc-

461 4141 622 4213 nior‚
667 4139 781 4200 sed
831 4142 1248 4222 interpunctio
1296 4153 1508 4206 tamen
1551 4147 1849 4226 sequitur.
1898 4147 2123 4225 ltaque
2169 4144 2294 4204 etsi
2331 4142 2505 4203 nullo
2550 4162 2680 4203 ne-

457 4268 636 4344 gotio
681 4273 1003 4349 transponi
1045 4274 1267 4335 nullus
1305 4275 1530 4352 edepol
1568 4278 1792 4358 potuit,
1834 4286 2048 4339 tamen
2093 4274 2175 4337 ad
2212 4274 2499 4353 elapsam
2542 4290 2673 4354 po·
