2824 4890
469 323 665 386 ΧΧΙΙ

463 521 577 573 ιον»
604 510 882 573 alacrem
927 507 1215 591 vigorem
1262 503 1608 568 collaudari
1653 501 1905 566 solitum
1949 501 2260 565 concinna
2291 500 2675 583 simplicitas

460 647 545 709 sit
586 653 652 709 et
697 643 903 708 facilis
948 643 1407 724 perspicuitas,
1456 641 1662 721 magis
1706 639 1897 701 etiam
1948 639 2169 699 mirum
2213 635 2424 699 videri
2483 635 2679 697 debet

465 787 564 841 tot
607 796 728 839 non
781 776 969 838 modo
1016 778 1263 855 ineptas
1305 784 1369 837 et
1411 771 1682 854 frigidas
1730 779 1793 834 et
1838 769 2162 850 elumbes,
2207 788 2429 832 verum
2477 772 2678 832 etiarn

460 918 695 981 misere
759 915 1006 978 hiulcas
1062 923 1129 976 et
1184 920 1419 995 argute
1474 917 1799 973 contortas
1857 921 1923 970 et
1966 906 2235 969 mirabili
2280 906 2681 969 obscuritate

461 1048 829 1115 laborantes
883 1049 988 1110 vel
1044 1044 1398 1108 sententias
1462 1043 1567 1104 vel
1635 1039 2093 1102 sententiarum
2158 1040 2679 1102 constructiones

464 1182 704 1246 tamdiu
757 1181 1184 1262 incogitanter
1235 1178 1546 1240 toleratas
1602 1192 1775 1239 esse.
1871 1174 2051 1237 Nihil
2103 1192 2269 1236 nune
2324 1172 2543 1236 dicam
2598 1173 2679 1237 de

465 1315 665 1396 ipsius
731 1310 982 1393 legibus
1039 1308 1533 1391 grammatices,
1590 1306 1817 1389 quibus
1861 1324 2005 1369 enm
2051 1306 2359 1369 editorum
2409 1306 2678 1388 ignavia

467 1465 549 1509 an
596 1442 784 1506 libido
829 1440 1001 1505 haud
1043 1459 1183 1503 raro
1224 1439 1532 1519 illuserit,
1589 1440 1753 1502 elusi
1794 1446 1943 1501 sunt
1995 1437 2150 1519 ipsi:
2196 1438 2511 1500 metricae
2559 1456 2678 1499 au-

464 1588 589 1642 tem
637 1576 1017 1656 disciplinae
1052 1572 1498 1653 severitatem,
1543 1569 1790 1653 qualem
1819 1570 2292 1652 prolegomenis
2317 1572 2674 1633 Trinummi

469 1711 884 1790 communivi,
932 1725 1061 1769 non
1121 1724 1379 1786 possum
1437 1709 1588 1788 quin
1649 1704 1949 1786 profitear
2005 1705 2230 1767 Militis
2285 1710 2679 1768 tractatione

461 1858 584 1909 non
636 1842 822 1907 modo
867 1843 1344 1924 comprobatam
1393 1842 1541 1905 mibi
1586 1859 1737 1905 esse
1778 1850 1971 1924 atque
2015 1842 2498 1923 confirmatam,
2558 1842 2674 1906 sed

464 1978 675 2059 aliqua
718 1996 804 2039 ex
848 1985 1028 2058 parte
1068 1976 1257 2040 etiam
1306 1977 1607 2040 maiorem
1652 1976 2031 2058 apparuisse
2074 1995 2264 2059 quam
2309 1986 2669 2041 statueram

465 2117 631 2173 ante.
722 2110 874 2189 sio,
922 2117 989 2170 ut
1033 2127 1156 2170 uno
1199 2108 1498 2188 exemplo
1545 2115 1725 2187 utar,
1782 2123 1951 2170 nuno
2003 2110 2383 2189 pernovisse
2438 2110 2671 2173 videor

467 2239 635 2321 quod
687 2238 1069 2302 dubitantius
1124 2238 1503 2319 suspicatus
1566 2257 1778 2319 eram,
1850 2258 1966 2303 eur
2020 2240 2294 2304 Plautini
2351 2261 2481 2304 non
2553 2245 2677 2307 siut

469 2372 632 2436 tales
675 2371 945 2434 numeri:

750 2512 837 2575 lbi
883 2508 1023 2578 ertit
1068 2510 1357 2574 bilibris
1401 2508 1703 2594 aqualis
1747 2511 1849 2573 sio
1888 2508 2147 2592 propter
2191 2510 2416 2574 cados.

470 2642 724 2725 Quippe
766 2650 1188 2724 anapaestum
1237 2660 1344 2704 ars
1389 2642 1599 2704 vetuit
1643 2640 1928 2705 binorum
1981 2641 2445 2706 vocabulorum
2508 2661 2670 2706 eon-

467 2776 818 2842 soeiatione
864 2774 1019 2855 fleri,
1069 2794 1329 2858 quorum
1390 2778 1562 2859 prius
1622 2777 1685 2842 in
1737 2778 1947 2843 media
1995 2782 2294 2843 anaerusi
2352 2780 2670 2844 finiretur:

464 2922 667 2987 eaque
696 2907 1051 2988 elegantiae
1085 2909 1482 2992 observatio,
1527 2923 1826 2993 quantum
1857 2911 2166 2995 intellexi,
2210 2921 2524 2975 constans
2566 2921 2667 2974 est

463 3037 638 3120 apud
693 3039 864 3101 huno
930 3050 1221 3125 poetam,
1283 3043 1505 3108 rudem
1559 3046 1804 3108 seilicet
1861 3055 1925 3110 et
1978 3055 2304 3127 expertem
2361 3049 2545 3124 artis,
2609 3046 2670 3107 si

465 3171 761 3235 audimus
806 3173 961 3237 artis
1012 3183 1360 3255 expertes,
1432 3184 1499 3238 et
1537 3179 1769 3241 misere
1812 3176 2358 3257 oontortuplieatis
2401 3177 2670 3258 syllabis

470 3306 814 3374 simulacra
872 3307 1184 3392 quaedam
1251 3327 1554 3372 versuum
1618 3310 1831 3393 potius
1875 3328 2065 3392 quam
2109 3328 2343 3372 versus
2383 3308 2672 3372 edidisse

464 3433 852 3505 contentum.

633 3578 1001 3661 Exemplis,
1062 3596 1226 3662 quae
1284 3579 1566 3642 breviter
1617 3579 2011 3665 significavi,
2055 3579 2470 3662 comprobare
2518 3579 2675 3642 mihi

473 3727 640 3774 nuuc
678 3707 935 3792 longum
980 3719 1106 3793 est,
1153 3712 1342 3779 faoile
1385 3713 1444 3775 ei
1488 3713 1596 3795 qui
1637 3714 2046 3777 annotatione
2089 3732 2234 3776 mea
2258 3714 2677 3795 quantumvis

467 3860 664 3926 parea
726 3850 906 3906 recte
963 3853 1028 3907 et
1087 3861 1231 3907 cum
1291 3844 1527 3909 iudicio
1590 3845 1681 3908 uti
1750 3846 1946 3908 volet.
2056 3844 2180 3923 Qui
2225 3842 2476 3929 quidem
2526 3865 2676 3908 enm

471 3978 616 4044 illud
662 3980 851 4044 facile
894 3980 1242 4063 intelliget,
1313 4001 1436 4043 non
1482 3984 1788 4045 minorem
1831 4000 1917 4044 ex
1960 3979 2161 4043 Milite
2205 3999 2390 4062 quam
2432 3998 2468 4042 e
2514 3981 2680 4044 'rri-

469 4131 723 4176 nummo
753 4111 1093 4176 emendata
1120 4111 1392 4176 fructum
1441 4112 1502 4174 in
1545 4110 1904 4193 augendam
1949 4112 2185 4175 latinae
2228 4111 2483 4195 linguae
2529 4119 2684 4178 sei-

467 4240 700 4306 entiam
732 4241 1111 4324 redundare‚
1156 4263 1283 4326 quo
1329 4253 1401 4307 et
1447 4241 2043 4325 lexicographornm
2093 4250 2161 4304 et
2200 4244 2679 4325 grammatico—
