2824 4890
536 309 759 370 LVIII

531 488 853 568 condicio,
904 498 974 552 ut
1018 489 1124 571 qui
1169 506 1402 570 sapere
1447 496 1557 551 aut
1600 490 1754 551 nolit
1794 499 1898 552 aut
1946 500 2214 554 naturae
2257 496 2412 555 vitio
2432 499 2686 572 nequeat,

535 621 927 705 ignorandus
983 625 1106 704 sit,
1166 623 1382 704 procul
1429 621 1791 704 abdendus,
1850 624 2288 691 abstinendus.
2371 625 2478 690 Illo
2517 633 2687 686 autem

536 778 662 842 quo
708 758 840 821 dixi
898 758 1168 820 consilio
1232 774 1373 818 cum
1422 776 1576 837 prae
1619 759 1851 819 ceteris
1895 757 2214 820 videretur
2258 757 2380 820 hoc
2420 756 2688 839 agendum

539 911 726 974 esse,
795 902 863 955 ut
913 894 1051 973 ipsa
1117 892 1318 953 verba
1376 902 1610 972 poetae
1671 890 1751 953 ad
1810 890 2001 954 fidem
2063 892 2354 953 librorum
2397 897 2611 954 exacta
2644 896 2691 947 et

527 1028 752 1102 critica
800 1034 1197 1117 supellectile
1238 1033 1553 1095 instructa
1593 1049 1779 1114 quam
1806 1031 2205 1111 plurimorum
2233 1026 2514 1090 manibus
2538 1038 2689 1105 quam

521 1173 790 1253 primum
838 1168 1271 1247 traderentur,
1325 1166 1496 1230 haud
1540 1170 1680 1228 scio
1742 1184 1824 1227 an
1868 1164 2231 1228 laudandus
2298 1162 2503 1244 potius
2542 1174 2691 1238 quam

523 1301 879 1385 culpandus
923 1300 1172 1377 videar,
1202 1298 1373 1383 quod
1400 1316 1614 1360 morae
1641 1299 1977 1378 impatiens
2004 1314 2173 1359 nunc
2200 1295 2447 1379 quidem
2471 1312 2509 1356 a
2532 1307 2690 1355 caus-

523 1461 734 1506 sarum
787 1440 1186 1522 expositione
1230 1438 1440 1518 paullo
1484 1436 1799 1516 uberiore,
1843 1431 2294 1517 qua'rationern
2324 1429 2626 1495 redderem
2662 1442 2692 1486 a

522 1595 627 1639 me
667 1577 774 1637 vel
799 1582 1197 1654 receptorum
1227 1571 1333 1633 vel
1367 1569 1869 1650 reprobatorum,
1915 1587 2038 1629 non
2081 1567 2223 1629 sine
2265 1567 2472 1649 aliquo
2515 1563 2690 1625 dolore

524 1731 630 1774 me
683 1711 987 1773 abstinuit
1043 1726 1168 1770 uon
1216 1706 1568 1786 desperans
1613 1712 1826 1765 tamen
1869 1701 1952 1764 de
2006 1700 2192 1763 iustis
2238 1695 2693 1770 commentariis,

512 1852 672 1906 'cum
729 1845 931 1923 ipsam
986 1827 1349 1923 διόρθωσιν
1395 1839 1760 1913 absolvero,
1799 1836 1949 1899 olim
1993 1835 2280 1914 edendiS,
2325 1835 2382 1898 si
2426 1852 2532 1917 per
2563 1840 2696 1893 tem·-

522 1984 815 2057 pestates
874 1972 1125 2034 licuerit
1166 1988 1286 2032 nec
1332 1969 1638 2032 desierint
1683 1969 1847 2032 haec
1890 1944 2100 2030 studia
2142 1968 2358 2050 aliquo
2399 1969 2458 2030 in
2500 1965 2695 2029 honoro

522 2128 698 2174 esse.
789 2108 936 2170 Hoc
992 2117 1202 2169 tamen
1264 2106 1474 2188 magis
1530 2104 1720 2166 video
1781 2102 1929 2164 mihi
1987 2099 2067 2162 de
2123 2100 2528 2181 gravissimis
2575 2112 2695 2176 par-
2783 2109 2784 2142 ³

528 2238 701 2301 tibus
751 2235 1210 2299 emendationis
1252 2237 1590 2299 Plautinae
1648 2236 1773 2298 hoc
1817 2237 1958 2298 loco
2000 2237 2360 2318 generatim
2404 2242 2695 2321 exponen·
2783 2278 2784 2283 ,

517 2372 670 2436 dum
715 2388 880 2434 esse.

1406 2595 1730 2654 (ml-vm·
1758 2599 1883 2656 VI.

702 2758 994 2822 Omnium
1041 2768 1248 2822 autem
1297 2761 1559 2841 primum
1597 2759 1939 2824 curandum
1973 2771 2102 2845 est,
2146 2772 2221 2826 ut
2248 2765 2333 2827 de
2377 2763 2533 2827 fide
2561 2762 2701 2824 Am-

527 2892 897 2955 brosiani
948 2893 1123 2974 libri,
1169 2895 1377 2977 deque
1403 2896 1646 2958 ratione
1691 2914 1854 2977 quae
1896 2896 2063 2958 inter
2104 2896 2282 2959 bunc
2325 2907 2391 2960 et
2441 2889 2699 2957 Callio-

533 3022 641 3102 pii
688 3021 1238 3086 recensionem
1284 3025 1534 3097 (licebit
1566 3026 1729 3087 euim
1758 3025 1884 3087 hoc
1909 3027 2162 3087 nomine
2187 3031 2321 3100 uti)
2366 3018 2700 3091 intercedat,

526 3161 705 3216 recte
748 3155 1086 3221 sentiatur:
1132 3158 1191 3219 in
1237 3178 1362 3241 quo
1408 3178 1530 3221 non
1576 3163 1787 3222 minus
1830 3160 1981 3222 illud
2025 3160 2424 3242 cavendum,
2469 3156 2704 3222 neiusto

530 3288 729 3367 pluris
770 3288 935 3350 illius
978 3291 1444 3368 auctoritatem,
1486 3311 1672 3374 quam
1721 3312 1802 3353 ne
1844 3293 2010 3354 iusto
2055 3292 2320 3355 minoris
2344 3293 2566 3357 facias.
2639 3283 2705 3346 Et

520 3419 807 3485 codicem
873 3421 1121 3502 quidem
1177 3423 1386 3506 ipsum
1441 3424 1756 3492 nerninem
1816 3423 2008 3487 facile
2063 3424 2233 3506 fugit
2276 3424 2426 3504 {non
2472 3438 2616 3483 esse
2650 3428 2710 3476 ea

520 3569 673 3615 cura
719 3560 1048 3632 paratum,
1109 3561 1175 3615 ut
1230 3573 1354 3615 non
1418 3554 1617 3615 multa
1658 3553 1820 3614 inter
1861 3551 2260 3616 scribendum
2310 3548 2712 3635 imprudenter

521 3705 561 3748 a
607 3684 856 3747 librario
917 3693 1189 3764 peccata
1240 3686 1409 3747 sint:
1474 3686 1654 3747 velut
1706 3701 1851 3746 cum
1913 3684 1976 3744 in
2033 3688 2178 3765 ipso
2233 3683 2547 3766 principio
2589 3672 2708 3739 'rri-

519 3819 761 3882 nummi
824 3835 1013 3879 versu
1063 3819 1145 3880 10
1188 3821 1584 3899 transposito
1628 3836 1691 3877 v,
1735 3815 1780 3876 8
1824 3824 1889 3878 et
1929 3816 1973 3877 9
2016 3820 2079 3879 in
2139 3835 2339 3880 unum
2399 3809 2711 3883 contraxit,

513 3951 627 4013 vel
674 3969 738 4014 v,
774 3950 850 4011 17
892 3966 1175 4013 nononis
1218 3951 1434 4028 posuit
1480 3968 1593 4031 pro
1635 3966 1851 4024 nome,
1899 3949 2006 4011 vel
2048 3967 2305 4013 raom·
2336 3971 2456 4032 pro
2480 3959 2713 4014 uem!

511 4102 579 4149 v.
620 4082 730 4164 27,
774 4100 834 4144 s1
881 4082 1089 4144 omisit
1134 4068 1360 4164 v.'46,
1421 4099 1504 4144 *rs
1550 4102 1663 4163 pro
1707 4101 1793 4146 'ru
1833 4083 2091 4166 scripsit
2134 4104 2199 4146 v·
2242 4085 2327 4147 61
2354 4130 2375 4168 ,
2445 4092 2712 4147 naseu!

508 4235 625 4296 pro
694 4233 1037 4279 naseam
1091 4237 1157 4285 v,
1208 4219 1368 4300 181,
1444 4234 1839 4282 ventuosus
1897 4235 2009 4299 pro
2076 4234 2433 4280 renuens:
2490 4236 2553 4277 v.
2596 4206 2711 4275 18³2
