2824 4890
443 314 564 377 XL

445 516 587 593 cum
641 497 729 559 ita
772 496 1183 577 interpretor,
1231 505 1303 557 ut
1348 513 1470 556 nou
1512 499 1803 564 consulto
1831 540 1850 575 ,
1895 497 2012 559 sed
2057 496 2271 578 aliquo
2316 517 2474 562 casu
2517 501 2654 560 sin-

450 632 661 714 gulari
706 637 837 694 tres
883 632 1134 694 fabulas
1181 638 1508 695 extremas
1550 634 1979 696 Trinummum
2023 634 2482 698 Truculentum
2531 635 2657 698 Vi-

446 768 752 834 dulariam
783 771 988 833 dicam
1032 772 1428 853 superiorem
1469 771 1528 833 in
1573 773 1777 835 locum
1823 771 2177 852 irrepsisse.
2263 771 2349 832 Et.
2378 770 2658 834 Bacchi-

451 904 569 968 des
615 904 868 987 quidem
914 903 1074 968 inter
1118 905 1509 967 Aululariam
1553 905 2005 987 Captivosque
2060 906 2116 969 is
2172 924 2426 988 quoquc
2474 905 2658 988 legit,

444 1038 549 1120 qui
594 1057 717 1117 non
764 1037 1021 1099 novicio
1064 1036 1326 1099 saeculo
1371 1039 1698 1118 excerptis
1740 1058 1778 1100 e
1823 1037 2054 1099 Plauto
2098 1037 2421 1100 adverbiis
2461 1039 2664 1102 breve

446 1170 829 1254 glossarium
875 1169 1018 1231 illud
1070 1168 1349 1232 condidit
1375 1165 1483 1250 θ’),
1533 1168 1717 1230 cuius
1762 1186 1901 1248 cap.
1934 1154 2035 1234 ΙΙ.1
2062 1170 2442 1232 mentionem
2487 1172 2663 1233 feci-

446 1319 630 1368 mus:
673 1302 841 1386 quod
888 1322 1011 1384 quo
1056 1303 1262 1365 libello
1310 1301 1645 1383 edidimus,
1689 1306 1747 1365 in
1796 1324 1874 1366 eo
1920 1305 2129 1368 locum
2175 1306 2348 1369 illum
2383 1326 2663 1392 omnem,

441 1432 547 1513 qui
590 1441 692 1494 est
735 1432 816 1495 de
864 1432 1314 1495 collocatarum
1360 1433 1711 1496 fabularum
1759 1434 1977 1498 ordine
2022 1436 2079 1497 iu
2123 1436 2262 1498 aliis
2307 1436 2482 1499 libris
2509 1438 2662 1518 alio,

442 1562 661 1626 dedita
705 1582 897 1645 opera
944 1564 1498 1645 pertractavimus.
1588 1565 1850 1626 Novum
1899 1572 2111 1626 autem
2159 1565 2439 1627 ordinem
2488 1566 2662 1647 quod

450 1700 576 1759 iam
624 1697 770 1758 olim
830 1696 908 1758 ad
960 1696 1389 1759 CALmoPmm
1446 1707 1770 1759 auctorem
1831 1698 2015 1759 retuli
2077 1695 2541 1781 coniectando,
2603 1700 2664 1762 id

448 1844 617 1890 nuuc
661 1833 849 1888 teneo
897 1827 1017 1888 hac
1064 1828 1540 1890 ratiocinatione
1586 1827 1830 1906 fretus,
1876 1827 2045 1908 quod
2092 1836 2156 1889 et
2201 1827 2320 1889 fuit
2364 1827 2665 1911 Calliopii

449 1961 740 2023 recensio
804 1959 1114 2042 quaedam
1177 1961 1606 2022 Plautinarum
1669 1962 2019 2023 fabularum
2085 1970 2150 2024 et
2219 1983 2302 2025 ex
2366 1982 2445 2025 ea
2510 1964 2658 2045 ipsa

442 2090 852 2171 recensione,
912 2091 1034 2152 nisi
1079 2090 1286 2152 omnia
1332 2090 1593 2165 fallunt,
1651 2091 1846 2151 nostri
1903 2075 2038 2152 libri
2100 2109 2250 2153 mss.
2309 2094 2654 2157 fluxerunt.

446 2224 655 2288 Cuius
698 2222 949 2305 quidem
996 2223 1083 2284 rci
1128 2223 1249 2284 etsi
1293 2224 1656 2286 memoriam
1702 2244 1739 2286 e
1780 2225 2103 2287 codicibus
2149 2227 2398 2289 circiter
2443 2247 2656 2291 nona·

435 2360 618 2443 ginta
662 2378 701 2420 a
745 2376 848 2419 mc
899 2357 1205 2439 inspectis
1249 2375 1411 2419 unus
1442 2364 1681 2419 tantum
1713 2369 2077 2439 pertenuem
2108 2361 2418 2441 servavit,
2468 2364 2662 2444 isque

434 2494 612 2558 solas
673 2502 819 2554 octo
879 2491 1130 2553 fabulas
1199 2491 1443 2572 priores
1502 2492 1976 2571 complectens,
2040 2502 2250 2554 tamen
2313 2493 2477 2556 fides
2533 2513 2661 2557 nec

442 2646 593 2693 esse
636 2625 1060 2690 addubitanda
1105 2624 1360 2687 videtur
1403 2642 1555 2705 nec,
1592 2626 1646 2686 si
1691 2623 1749 2684 id
1795 2627 2114 2707 sequimur
2153 2629 2322 2709 quod
2366 2631 2449 2691 sit
2496 2651 2658 2712 pro-

444 2762 678 2841 babile,
724 2768 869 2822 octo
915 2765 1158 2820 tantum
1206 2756 1558 2817 fabularum
1607 2753 1836 2819 finibus
1879 2759 2469 2825 circumscribenda.
2536 2765 2656 2829 Est

433 2903 648 2960 autem
695 2896 801 2973 qui
851 2890 1000 2953 illud
1040 2898 1314 2953 testatur
1358 2889 1975 2953 ottoboniauu‘s
2013 2891 2189 2955 2005
2236 2895 2411 2969 (olim
2462 2897 2542 2959 V.
2591 2900 2651 2961 4.

458 3254 524 3321 *)
560 3257 690 3308 Eius
736 3260 892 3308 tauto
946 3256 1120 3307 maior
1166 3263 1251 3308 est
1302 3258 1644 3321 auctoritas,
1700 3256 1837 3320 quod
1887 3269 1994 3308 nou
2046 3262 2253 3308 tantum
2308 3258 2648 3312 Vidulariam

561 3362 886 3426 usurpavit,
926 3361 1017 3413 sed
1056 3363 1214 3414 etiam
1253 3335 1689 3425 Amphitruonem
1729 3362 2017 3411 Bacchides
2053 3367 2108 3410 et
2143 3361 2515 3412 Cistellariam
2560 3362 2649 3411 in-

568 3470 758 3529 tegras
795 3468 996 3518 hahuit.
1065 3468 1170 3535 Qui
1208 3482 1328 3520 cum
1365 3467 1525 3519 etiam
1565 3468 1615 3517 iu
1652 3467 1777 3517 aliis
1814 3467 2008 3516 fabulis
2044 3479 2110 3516 ea
2143 3467 2375 3530 legerit,
2413 3479 2554 3529 quae
2592 3471 2647 3520 ἰιι

562 3571 725 3622 Boo
763 3574 1176 3629 desiderantur:
1231 3573 1368 3640 (quo
1414 3575 1585 3636 ipsum
1633 3571 1769 3621 illud
1821 3572 2078 3622 saeviter
2130 3573 2412 3623 retulimus
2447 3585 2479 3621 e
2516 3574 2646 3624 'l'ri-

568 3685 785 3724 nummo
822 3679 1290 3726 commemoratum
1311 3674 1357 3741 z)
1402 3680 1629 3739 apparet
1678 3687 1800 3724 eum
1850 3674 2012 3723 simili
2051 3675 2388 3725 Ambrosiaui
2436 3674 2648 3735 codice,

560 3772 648 3823 vel
686 3774 894 3837 qualem
933 3794 966 3822 α
1005 3776 1421 3840 descripsimus,
1458 3791 1611 3827 usum
1647 3790 1785 3828 esse.
1856 3776 2110 3829 Ceterum
2148 3779 2386 3827 ordinem
2424 3790 2645 3829 comoe-

559 3875 769 3928 diarum
805 3891 1034 3940 prorsus
1070 3881 1404 3946 singularem
1442 3893 1527 3935 est
1562 3891 1796 3945 semim,
1832 3902 1937 3950 quo
1975 3887 2223 3938 illae‘sic
2256 3902 2376 3938 sese
2412 3901 2646 3950 excepe-

557 3988 717 4038 runt:
783 3985 1039 4036 Asinaria
1093 3988 1378 4039 Aulularia
1438 3992 1733 4042 Bacchides
1789 3994 2000 4057 Captivi
2064 3996 2265 4047 Casina
2320 3997 2644 4049 Cistellaria

544 4085 811 4139 Curculio
866 4089 1122 4154 Epidicus
1172 4094 1509 4143 Menaechmi
1558 4097 1911 4147 Mostellaria
1953 4099 2321 4150 'truculentus
2375 4100 2637 4150 Trinum-

552 4197 670 4235 mus
706 4189 978 4240 Poenulus
1023 4192 1567 4267 vidulariakfludens
1613 4197 1774 4248 Miles
1812 4201 2093 4253 Mercator
2129 4204 2432 4254 Pseudolus
2470 4205 2641 4255 Persa

551 4282 766 4337 Stichus
804 4291 1149 4353 Amphitruo.
