2824 4890
454 350 579 413 xtt

463 530 713 596 mediae
736 538 915 609 sunt,
966 530 1118 592 nihil
1146 530 1481 611 incongrui
1514 530 1828 609 repereris
1859 537 2305 612 praeterquam
2336 530 2400 593 in
2431 532 2687 596 dnnabns

456 670 721 749 scenis,
765 668 988 747 eisque
1032 684 1110 728 eo
1153 674 1354 727 metro
1399 667 1818 745 conscriptis,
1876 667 2044 749 quod
2095 668 2288 751 longe
2330 672 2676 734 certiorem

452 824 639 886 quam
687 823 963 886 regnans
1020 807 1079 866 in
1117 806 1241 867 hac
1277 806 1487 868 fabula
1521 806 2023 886 septenariorum
2056 822 2265 887 genus
2300 816 2680 887 computum

444 940 746 1003 admittit.
839 940 1006 1003 Nam
1054 941 1314 1020 primum
1358 960 1498 1003 cum
1546 941 1708 1002 inter
1753 961 1815 1003 v.
1841 940 2218 1004 500et539
2259 942 2318 1002 in
2363 941 2682 1005 Palatinis

460 1075 638 1137 libris
679 1075 915 1137 scutarii
941 1082 1200 1138 exstent
1230 1076 1489 1158 triginta
1520 1083 1795 1156 septem,
1838 1075 2115 1138 efficitur
2141 1075 2222 1139 ad
2245 1077 2678 1157 'complendas

466 1211 737 1292 paginas
774 1214 847 1274 J.
891 1217 918 1272 ι·
956 1230 1216 1274 versum
1261 1232 1449 1275 unum
1496 1212 1750 1275 deesse.
1837 1214 1984 1292 Quo
2026 1213 2439 1295 integriorem
2475 1214 2680 1277 fuisse

455 1346 944 1409 Ambrosianum
993 1348 1116 1410 hoc
1171 1349 1279 1410 tibi
1324 1348 1560 1411 firmius
1607 1349 2054 1431 persuadebis,
2118 1370 2242 1432 qno
2300 1348 2673 1412 evidentius

461 1480 664 1561 ipsius
703 1483 1056 1546 sententiae
1098 1483 1385 1545 lacunam
1432 1488 1490 1545 is
1533 1502 1766 1547 versus
1812 1487 2021 1567 prodit
2065 1489 2172 1564 qui
2219 1487 2384 1546 inter
2427 1483 2564 1546 526
2605 1491 2670 1544 et

455 1612 587 1676 529
621 1614 890 1680 habetur
929 1618 1148 1701 vulgo.
1219 1618 1551 1683 Difficilius
1593 1619 1673 1681 de
1708 1620 1867 1683 sede
1906 1620 2161 1683 alterius
2201 1622 2471 1681 lacunae
2518 1628 2665 1680 sta—

456 1750 676 1832 tuitur,
725 1770 892 1833 quae
933 1753 1014 1816 ad
1059 1757 1332 1836 paginas
1375 1758 1451 1816 B.
1485 1757 1538 1816 b.
1574 1754 1642 1817 0.
1673 1776 1707 1815 c
1752 1763 2019 1836 spectat.
2109 1754 2250 1814 Hae
2296 1752 2462 1812 enim
2514 1768 2665 1812 cnm

458 1906 766 1951 versuum
796 1906 1018 1951 Lxxw.
1051 1890 1507 1952 multitudinem
1540 1893 1883 1970 requirant,
1925 1883 2134 1950 tamen
2179 1888 2342 1946 inter
2377 1903 2441 1944 v.
2471 1882 2562 1944 ⁷4
2595 1890 2665 1942 et

461 2019 586 2083 ¹47
621 2021 810 2095 hodie
847 2033 1086 2088 tantum
1121 2043 1327 2090 Lxxn.
1371 2024 1705 2109 leguntur?
1752 2045 1876 2107 quo
1919 2024 2236 2087 accedunt
2272 2039 2515 2083 scenae
2558 2020 2667 2081 in-

458 2157 787 2239 scriptioni
831 2160 1127 2226 destinati
1172 2164 1320 2226 dno.
1404 2165 1548 2226 Nisi
1594 2163 1785 2245 igitur
1828 2160 1887 2221 in
1940 2159 2356 2220 Ambrosiano
2401 2153 2667 2235 putabis

456 2289 697 2371 aliquot
752 2310 983 2356 versus
1038 2296 1145 2356 vel
1200 2314 1417 2359 errore
1471 2298 1735 2358 iteratos
1797 2310 1948 2354 esse
2000 2292 2105 2351 vel
2160 2288 2525 2352 accessisse
2573 2305 2663 2348 ex

459 2419 979 2504 interpolatione,
1025 2443 1285 2505 quorum
1331 2433 1619 2488 neutrum
1665 2423 1874 2507 aliqua
1919 2420 2382 2504 probabilitatis
2425 2418 2660 2498 specio

453 2554 954 2637 commendatur,
1001 2565 1192 2639 poeta
1235 2557 1592 2620 credendus
1635 2560 1754 2620 erit
1796 2556 1958 2620 duos
1998 2558 2290 2619 senarios
2321 2550 2659 2614 addidisse

454 2688 566 2770 qni
625 2688 816 2752 hodie
875 2688 1356 2770 desiderentur,
1414 2690 1520 2752 vel
1569 2690 1853 2756 fortasse
1905 2699 2070 2772 tres,
2127 2691 2184 2751 si
2234 2689 2660 2770 suppositicio

447 2825 554 2886 illo
604 2823 724 2886 132
769 2827 1025 2889 carebat
1069 2827 1550 2889 Ambrosianus.
1654 2826 1784 2905 Qui
1826 2826 1928 2888 ubi
1975 2824 2346 2900 exciderint,
2393 2823 2546 2903 quia
2592 2823 2656 2884 in

448 2958 784 3019 sententiis
826 2959 970 3020 nihil
1025 2960 1363 3023 admodum
1411 2960 1581 3041 hiat,
1641 2976 1786 3021 cum
1843 2958 2059 3039 aliqua
2102 2954 2483 3018 confidentia
2521 2952 2646 3014 de-

448 3087 612 3151 finiri
655 3089 890 3168 nequit.
973 3092 1188 3153 Potuit
1229 3102 1379 3172 post
1423 3100 1983 3156 commemoratum
2030 3109 2093 3153 v.
2133 3090 2221 3152 86
2258 3106 2358 3169 sq.
2411 3104 2649 3148 nomen

448 3240 731 3308 graecae
774 3223 1145 3290 comoediae
1186 3224 1500 3289 accedere
1554 3232 1788 3306 poetae
1842 3241 2105 3285 noment
2165 3219 2364 3301 potuit
2421 3222 2651 3281 verant

446 3355 532 3417 92
573 3355 808 3439 aliquid
845 3354 1250 3437 praecedere,
1300 3375 1423 3438 quo
1466 3361 1678 3436 itaque
1715 3354 2023 3437 particula
2060 3353 2452 3435 insequentis
2485 3368 2652 3412 ver-

448 3507 563 3554 sus
606 3490 795 3553 etiam
842 3491 1055 3573 aptius
1098 3500 1163 3553 et
1203 3498 1504 3572 tanquam
1552 3488 1934 3572 explicatius
1980 3504 2174 3568 quam
2231 3503 2400 3548 nunc
2448 3482 2535 3549 ad
2580 3502 2651 3544 v·

444 3620 525 3686 91
574 3623 944 3688 referretur:
989 3625 1138 3689 item
1180 3634 1453 3706 potuere
1497 3637 1643 3705 post
1668 3645 1732 3686 v.
1765 3627 1877 3687 144
1917 3626 2072 3688 talia
2114 3622 2282 3703 addi,
2324 3642 2369 3686 a
2412 3620 2653 3702 quibus

445 3754 650 3818 lenius
695 3772 881 3836 quam
922 3775 1092 3820 nunc
1134 3757 1205 3820 tit
1237 3756 1317 3821 ad
1351 3777 1411 3820 v.
1446 3758 1561 3820 145
1602 3759 1998 3822 transiretur.
2086 3756 2382 3828 Omnium
2429 3765 2654 3820 umen

446 3885 801 3968 proximum
848 3906 886 3950 a
930 3888 1336 3953 similitudine
1373 3893 1509 3954 veri
1551 3894 1772 3956 nescio
1820 3912 1898 3956 an
1935 3892 2062 3958 hoc
2092 3892 2174 3955 sit
2206 3900 2301 3971 ut,
2345 3890 2656 3971 qnoniam

439 4037 590 4079 nam
646 4021 956 4100 particula
1013 4021 1152 4085 eius
1206 4041 1480 4106 versus,
1536 4027 1642 4108 qui
1699 4028 1894 4108 vulgo
1940 4027 2185 4108 excipit
2224 4042 2487 4088 versum
2531 4024 2657 4106 ὓ,

444 4151 840 4212 commodum
885 4154 1269 4234 explicatum
1315 4156 1427 4218 vix
1472 4158 1698 4237 habet,
1744 4180 1867 4224 non
1916 4156 2386 4240 transponendo
2429 4158 2660 4238 potins

448 4298 648 4344 sanus
696 4291 1149 4352 sententiarum
1195 4291 1348 4352 ordo
1392 4293 1802 4375 restituatur,
1861 4311 2047 4375 quam
2104 4291 2375 4354 lacunae
2430 4289 2659 4372 signi—

448 4414 663 4475 ficatio
707 4418 765 4477 in
816 4417 978 4478 hunc
1025 4423 1275 4483 modum
1327 4423 1467 4485 flat:
