2824 4890
423 357 769 428 cmxxv!

413 545 489 606 in
550 557 823 604 caesura
884 490 1152 599 iambici·
1196 528 1624 613 septenarii).
1719 526 1962 591 Verum
2034 527 2306 609 egregio
2363 528 2641 591 Acidalii

419 677 680 738 invento
737 667 945 752 (quod
1002 664 1251 748 possim
1305 660 1547 725 Naevii
1611 677 1904 741 quoquo,
1970 659 2154 722 Ennii
2211 669 2407 742 atque
2464 660 2641 724 adeo

419 808 689 889 Vergilii
733 822 854 867 usu
898 800 1308 879 confirmare,
1375 795 1495 858 nisi
1557 794 1739 855 unius
1782 812 1887 854 me
1929 792 2138 855 Plauti
2187 790 2421 855 finibus
2465 813 2640 855 con-

422 941 593 1002 sulto
652 930 1052 1008 contineam)
1113 946 1258 990 cum
1319 924 1485 985 alios
1543 931 1679 983 tum
1740 921 1947 1001 ipsum
2006 939 2164 983 esse
2216 923 2459 985 abusos
2506 944 2643 985 ex-

422 1073 669 1149 istimo,
715 1084 860 1129 cum
902 1060 1169 1125 eandem
1214 1053 1698 1137 productionem
1742 1051 1933 1113 etiam
1978 1050 2058 1114 ad
2105 1053 2446 1116 verborum
2495 1055 2644 1117 for-

421 1224 564 1273 mas
624 1201 943 1286 quaslibet
995 1192 1484 1269 transtulerunt,
1545 1197 1614 1250 ut
1664 1189 1893 1268 loquar
1942 1191 2162 1268 fateor
2216 1209 2429 1250 moror
2488 1210 2648 1251 ma-

426 1344 668 1404 chinor.
754 1331 1028 1395 Videtur
1084 1327 1146 1390 id
1201 1324 1282 1388 de
1341 1346 1420 1385 ar
1475 1322 1728 1405 syllaba
1787 1323 2260 1386 concedendum
2305 1341 2459 1386 esse
2480 1369 2503 1405 ,
2570 1335 2646 1386 ut

427 1491 603 1557 quae,
638 1470 895 1549 longam
941 1457 1233 1523 vocalem
1290 1461 1515 1515 servet
1568 1456 1634 1514 in
1679 1452 1914 1514 ceteris
1958 1456 2251 1533 personis
2306 1456 2489 1534 leqar
2537 1460 2646 1520 le-

422 1609 609 1686 garis
651 1602 906 1678 legatur
959 1593 1196 1670 leyen-is
1251 1589 1540 1666 leqetur:
1597 1606 1815 1669 parem
1860 1597 2076 1650 autem
2122 1587 2328 1651 fuisse
2368 1612 2443 1652 or
2487 1594 2647 1674 syl-

427 1741 611 1807 labae
652 1734 960 1798 rationem
984 1772 1005 1810 ,
1058 1748 1096 1791 a
1140 1746 1267 1809 qua
1310 1724 1466 1787 flunt
1506 1717 1760 1803 leqe'ris,
1807 1717 2059 1802 leyi'tti'r,
2107 1745 2185 1788 eo
2232 1728 2441 1789 minus
2489 1745 2646 1791 cre-

402 1875 619 1944 ‚dibile
665 1881 789 1950 est,
837 1887 960 1948 quo
1003 1864 1289 1946 apertius
1331 1869 1434 1925 est
1487 1862 1548 1923 in
1604 1860 1754 1924 illud
1811 1860 2018 1941 ipsum
2079 1861 2365 1945 ingenita
2424 1861 2644 1925 indole

432 2009 685 2070 latinam
730 2002 1010 2084 linguam
1052 1998 1415 2078 inclinasse,
1460 2006 1530 2059 ut
1571 2018 1608 2059 r
1651 1997 1858 2062 littera
1902 1997 2116 2061 finitas
2158 1999 2445 2080 syllabas
2482 2005 2647 2074 (non

435 2139 641 2205 minus
698 2153 887 2218 quam
931 2140 963 2193 t
998 2134 1208 2194 littera
1265 2130 1510 2205 finitas)
1569 2150 1792 2194 omnes
1849 2135 2227 2215 corriperet:
2290 2153 2434 2198 nam
2493 2135 2647 2199 hinc

435 2274 691 2337 demum
753 2266 1132 2351 perspicitur
1196 2264 1303 2345 qui
1365 2262 1620 2325 tandem
1690 2265 1934 2327 factum
2000 2270 2087 2328 sit
2152 2275 2219 2328 ut
2286 2268 2645 2347 productus

432 2405 922 2472 masculinorum
979 2397 1415 2460 nominativus
1477 2400 1691 2458 orato'r
1747 2399 2066 2479 paullatim
2127 2403 2188 2464 in
2230 2412 2639 2467 constantem

437 2535 810 2621 corripiendi
876 2530 1397 2596 consuetudinem
1458 2530 1678 2592 abiret.
1787 2532 1962 2613 Ergo
2026 2552 2164 2596 cum
2232 2535 2424 2597 liceat
2484 2555 2648 2599 sane

434 2674 600 2738 idem
643 2672 704 2733 in
747 2668 886 2732 aliis
929 2684 1184 2748 quoque
1226 2665 1469 2727 factum
1527 2665 1886 2745 suspicari,
1945 2673 2155 2726 tamen
2211 2669 2520 2730 rationem
2580 2674 2644 2731 iu

435 2809 730 2886 promptu
776 2814 927 2860 esse
970 2795 1207 2859 debere
1249 2796 1554 2875 pristinae
1599 2794 2032 2876 productionis
2077 2795 2465 2878 intelligitur,
2517 2800 2645 2861 nisi

435 2929 744 2993 alucinari
803 2929 1018 3008 potins
1083 2945 1267 3006 qaam
1335 2926 1729 3008 persuadere
1796 2930 1979 2991 velis.
2089 2928 2642 3007 Quemadmodum

439 3068 636 3151 igitur
683 3063 763 3127 de
807 3063 1136 3144 productis
1181 3062 1325 3124 olim
1370 3071 1469 3124 ter
1511 3069 1738 3143 quater
1781 3069 2083 3142 quattuor
2118 3065 2396 3142 feliciter
2437 3073 2502 3126 et
2547 3068 2649 3128 si·

439 3201 693 3265 milibus
719 3221 904 3265 nemo
934 3200 1266 3285 cogitabit,
1314 3199 1406 3262 ita
1434 3218 1555 3262 nec
1594 3199 1817 3278 loqu&
1860 3197 1965 3259 vel
2006 3204 2195 3276 pater
2235 3198 2422 3261 facile
2449 3195 2645 3261 fidem

437 3340 780 3403 inventura
832 3339 976 3402 sint.
1081 3339 1185 3399 Au
1239 3355 1490 3416 pauper
1544 3351 1838 3415 quoque,
1904 3330 2086 3394 cuius
2148 3338 2250 3392 est
2309 3330 2644 3411 genitivus

438 3472 770 3557 paupirt's,
817 3474 1047 3537 Bothio
1092 3471 1431 3536 credemus
1473 3465 1824 3550 spondeum
1873 3464 2131 3527 efficere
2159 3464 2331 3526 Men.
2359 3462 2653 3544 1v,2,8?

443 3612 551 3693 qui
594 3628 829 3673 versus
874 3607 1117 3691 pridem
1160 3605 1445 3669 immisso
1487 3608 1546 3664 is
1591 3608 1858 3663 sanatus
1903 3606 2039 3662 est:

609 3760 680 3823 Si
730 3758 785 3821 is
833 3757 937 3820 est
978 3776 1220 3838 pauper
1265 3753 1457 3839 atque
1501 3754 1657 3816 haut
1699 3747 1932 3833 maliis,
1980 3770 2264 3833 nequam⁸
2293 3749 2601 3817 babeturt

442 3912 550 3975 vel
595 3915 852 3972 circiter
892 3918 1044 3972 ante
1084 3910 1378 3972 vocalem
1428 3929 1541 3990 pro
1585 3910 1820 3972 cretico
1866 3908 2140 3989 positum
2187 3907 2348 3971 Cist.
2384 3922 2481 3986 iv,
2511 3906 2580 3987 2,
2614 3904 2660 3965 8

443 4042 508 4105 in
552 4043 648 4107 eis
699 4046 1029 4127 versibus,
1075 4064 1336 4127 quorum
1383 4065 1505 4109 nec
1553 4066 1919 4111 mensuram
1964 4065 2084 4110 nec
2126 4061 2426 4108 numeros
2471 4045 2655 4126 quis-

446 4198 637 4263 quam
681 4184 1062 4265 explicarit?
1109 4190 1218 4270 qui
1253 4185 1500 4269 quidem
1532 4185 2014 4253 concitatissimi
2055 4191 2204 4247 sunt
2234 4164 2655 4260 anapaestici,

438 4314 534 4377 sic
576 4313 710 4379 fere
754 4316 1183 4381 describendi:
