2824 4890
572 337 793 404 cmv

575 524 1124 605 Quemadmodum
1168 527 1358 610 igitur
1400 527 1472 589 fit
1516 535 1587 589 ut.
1627 546 1740 607 pro
1785 527 1956 590 nulla
1985 526 2233 608 syllaba
2260 522 2685 607 monosyllabum

573 664 672 721 rei
710 660 795 721 sit
842 661 906 723 iu
945 665 1008 721 ei
1047 665 1145 722 rei
1185 657 1441 740 o'peram
1483 683 1545 723 v.
1594 661 1747 742 119,
1807 665 1870 721 ei
1918 649 2016 722 rei
2056 659 2428 739 drqumdnta
2466 655 2602 735 522,
2643 648 2691 715 ’ἃ

569 794 667 851 rei
704 788 960 868 oper-eim
998 789 1151 870 865,
1193 795 1585 873 (quanquam
1629 790 1689 851 in
1733 788 1833 851 his
1881 798 2101 870 potest
2143 808 2303 852 sane
2344 809 2413 851 re
2449 785 2688 865 seriptum

573 918 841 1000 fuisse),
886 920 994 981 vel
1026 941 1097 980 eo
1141 920 1201 981 in
1245 917 1376 981 no'n
1418 940 1489 981 ee
1532 921 1691 980 haee
1738 919 1880 982 dieo
1909 919 2059 1001 341,
2102 919 2375 982 Ιιάηιίηἰε
2414 939 2479 980 eo
2516 914 2691 978 ‹imt-

567 1052 725 1132 852,
772 1052 1139 1114 cleme'ntem
1182 1073 1253 1114 eo
1296 1052 1507 1133 usque
1541 1056 1721 1115 modo
1763 1053 1927 1134 827,
1988 1060 2050 1115 ei
2086 1058 2149 1116 in
2194 1055 2461 1117 tolera're
2496 1055 2548 1111 ei
2580 1044 2692 1125 εφέ-

569 1195 795 1249 statem
834 1187 995 1267 338,
1049 1208 1184 1248 meo
1225 1188 1285 1249 in
1330 1184 1674 1264 adpula'bis
1714 1208 1849 1249 mee
1894 1183 2212 1248 drbitratu
2252 1188 2382 1248 990
2399 1228 2418 1266 ,
2476 1191 2621 1245 luam
2651 1179 2690 1237 iu

568 1318 874 1381 indicium
916 1325 1095 1380 tuum
1136 1316 1439 1378 incendes
1479 1317 1631 1396 675,
1676 1337 1862 1378 suam
1905 1317 1965 1377 in
2008 1315 2421 1396 despondisse
2458 1330 2614 1375 suam
2644 1306 2691 1367 ⁸¹⁸

572 1452 763 1529 1130,
802 1453 910 1531 fui
946 1449 1006 1510 in
1053 1448 1255 1510 οαάεα
1294 1452 1402 1529 [αἱ
1440 1449 1566 1509 lade
1624 1447 1819 1509 1090:
1888 1447 1976 1509 ita
2022 1447 2172 1509 nihil
2219 1448 2502 1529 profecto
2540 1439 2693 1505 offen*

567 1582 765 1644 sionis
808 1581 1046 1643 habere
1090 1579 1474 1643 delitescens
1516 1579 1767 1658 quidem
1814 1578 1921 1640 vel
1960 1577 2103 1644 alibi
2133 1597 2257 1640 non
2285 1596 2431 1641 raro
2460 1575 2553 1638 vel
2574 1568 2691 1632 Trin-

569 1736 632 1777 v.
678 1715 763 1776 58
800 1723 1043 1796 potest:

815 1845 980 1906 Dum
1026 1844 1276 1925 quidem
1319 1844 1542 1909 he'rcle
1587 1856 1800 1910 tecum
1843 1844 2040 1929 niipta
2083 1849 2186 1929 sit,
2233 1847 2398 1913 sane
2439 1845 2622 1909 uelim.

569 1977 940 2058 Quanquam
985 1975 1210 2039 modus
1254 1978 1314 2039 in
1358 1979 1461 2041 his
1509 1980 1824 2043 tenendus
1869 1989 2001 2044 est:
2047 1982 2300 2063 ineptus
2343 1981 2428 2043 sit
2462 1977 2607 2040 enim
2626 1968 2694 2053 qui
2747 1979 2748 1982 ’

565 2128 802 2188 versus
845 2109 970 2170 569
1015 2110 1389 2190 principium
1435 2109 1629 2170 Meus
1671 2113 1919 2190 quidem
1959 2113 2177 2173 hercle
2207 2111 2319 2174 tali
2345 2109 2593 2173 artificio
2615 2102 2695 2164 de·

562 2243 810 2305 sensum
857 2227 985 2320 eat,
1029 2250 1095 2303 ut
1137 2242 1283 2303 sive
1324 2250 1739 2320 anapaestum
1786 2245 1933 2303 sive
1972 2241 2325 2323 spondeum
2375 2240 2538 2304 effici
2571 2251 2699 2298 mm

562 2382 631 2435 et
669 2374 788 2434 laer
827 2373 1094 2455 syllabis
1137 2370 1330 2453 dicat,
1373 2371 1536 2432 inter
1578 2389 1737 2454 quas
1773 2375 2023 2452 quidem
2066 2371 2426 2438 delitescat.
2510 2364 2626 2433 sed
2645 2360 2696 2423 <le

559 2525 624 2571 v.
648 2504 779 2566 806
807 2504 977 2566 haud
1011 2505 1149 2566 scio
1172 2486 1258 2567 an
1298 2502 1604 2567 immerito
1651 2503 2095 2586 dubitaverim,
2143 2505 2396 2567 satisne
2437 2503 2699 2583 eleganter
2745 2472 2746 2477 ἵ

559 2645 727 2702 em'm
767 2642 837 2701 in
878 2657 1066 2701 unam
1112 2637 1421 2717 syllabam
1465 2639 1561 2700 sic
1605 2638 1843 2701 coiret:

804 2794 904 2852 lta
946 2788 1198 2852 faciam.
1286 2792 1372 2852 At
1414 2783 1582 2852 euim
1629 2789 1813 2850 nimis
1857 2785 2050 2871 longo
2090 2806 2397 2854 sermone
2433 2784 2662 2860 nitimur,
2743 2812 2744 2821 ¹

560 2944 639 2987 an
667 2923 999 2987 delendum
1025 2933 1094 2985 at
1115 2934 1321 2987 esset:
1365 2945 1512 2988 nam
1536 2926 1616 2989 ab
1645 2936 1998 3008 anapaesto
2041 2928 2297 3010 quidem
2326 2938 2403 2991 at
2424 2933 2582 2990 enim
2614 2935 2698 2983 non

557 3077 755 3139 posse
797 3062 1440 3140 proceleusmaticum
1487 3063 1697 3145 excipi
1742 3083 1864 3127 non
1924 3066 2086 3147 fugit
2143 3068 2406 3147 peritos.
2507 3068 2569 3126 ln
2620 3055 2702 3121 illis

556 3201 770 3253 autem
832 3194 1182 3275 exemplis,
1246 3204 1317 3256 ut
1372 3167 1496 3257 boc
1553 3196 1820 3278 addam,
1885 3216 2048 3279 quae
2093 3211 2365 3281 possunt
2413 3191 2703 3280 synizesin

554 3325 720 3406 pati,
775 3325 1114 3406 aliquoties
1173 3343 1297 3387 non
1342 3324 1741 3389 mediocriter
1781 3329 2046 3393 fluctuat
2090 3330 2396 3394 iudicium
2427 3376 2448 3413 ‚
2512 3324 2701 3395 admi·-
2739 3372 2740 3375 ,

551 3474 773 3519 samue
818 3478 1048 3520 revera
1090 3461 1446 3539 synizesim
1478 3458 1658 3521 dieas
1697 3477 1779 3521 an
1809 3461 2020 3537 ipsum
2049 3471 2308 3525 metrum
2346 3483 2481 3528 una
2507 3455 2704 3545 syllal·

551 3595 830 3648 auctum.
928 3589 1078 3650 Non
1138 3589 1405 3652 fluctuat
1449 3591 1633 3653 velut
1676 3611 1741 3652 v.
1787 3592 1932 3658 652.
1983 3595 2148 3658 1130
2192 3612 2257 3659 et
2308 3598 2458 3682 185,
2505 3597 2600 3659 ubi
2632 3610 2738 3669 re·i

551 3713 762 3795 ln'nqm'
799 3719 874 3777 eb
914 3737 1112 3792 e·am‚
1164 3718 1377 3781 -dt'ue
1424 3742 1547 3784 eu-
1573 3731 1638 3784 et
1652 3727 1881 3804 fa-eta
1920 3747 2122 3789 meam
2152 3728 2233 3789 ἐκ
2262 3728 2474 3791 tribus
2497 3717 2707 3809 syllabis
2736 3678 2738 3731 Α

549 3848 720 3912 elata
761 3848 897 3910 sine
938 3850 1059 3912 ulla
1101 3856 1489 3918 necessitate
1529 3856 1822 3941 dactylos
1864 3868 2016 3923 ante
2058 3879 2400 3925 caesuram
2447 3852 2706 3925 trochaici

550 4000 784 4045 versus
828 3990 893 4044 et
934 3985 1223 4063 geminos
1266 3990 1329 4048 in
1373 3989 1627 4050 senario
1670 3999 2058 4071 anapaestos
2107 3991 2414 4074 inferunt,
2464 3992 2709 4057 similiter

547 4121 740 4194 atque
785 4134 846 4176 v.
886 4114 1017 4180 338
1059 4136 1183 4181 non
1232 4117 1609 4200 depressum
1653 4128 1716 4183 ei
1751 4128 2051 4206 geminos
2095 4145 2207 4207 pro
2251 4125 2591 4189 trochaeis
2607 4119 2709 4184 ‘dt-

549 4243 805 4321 ctylos:
871 4265 1037 4326 quae
1096 4250 1304 4314 omnia
1347 4252 1467 4314 etsi
1512 4271 1637 4316 non
1680 4265 1830 4318 sunt
1873 4259 2146 4338 vitiosa,
2214 4267 2282 4321 at
2321 4255 2712 4342 inlegention
