2824 4890
492 331 908 396 CCXXVH!

494 522 707 584 labis
768 522 1128 601 quaeratur.
1231 518 1559 597 Quorum,
1613 525 1682 579 ut
1746 517 2027 579 breviter
2089 513 2345 599 dicam,
2416 520 2707 584 similem

494 653 554 711 iu
625 649 805 711 brevi
884 648 1100 708 ultima
1165 653 1499 707 accentum
1575 662 1654 706 ea
1736 653 1977 706 tantuna
2043 656 2468 729 receperunt,
2531 653 2718 729 quae

491 803 615 845 nou
658 782 1102 864 paenultimam
1145 786 1428 858 tantum,
1481 774 1598 836 sod
1659 774 1849 838 etiam
1897 775 2499 856 antepaeuultlmam
2545 778 2715 842 bre-

487 934 635 978 vem
699 915 1021 976 haberent.
1131 911 1506 989 Quanquam
1552 917 1592 969 a
1654 907 1999 970 trochaicis
2059 906 2311 989 quidem
2356 909 2717 974 vocabulis

490 1049 713 1113 eadem
771 1050 961 1111 etiam
1016 1046 1139 1107 alio
1198 1045 1395 1123 ipsius
1456 1043 1718 1104 rationis
1764 1039 2126 1106 discrimine
2171 1043 2426 1110 distant.
2520 1046 2713 1111 Nam

491 1191 568 1251 si·
621 1185 903 1266 pro'pitr'd
971 1194 1223 1266 praeter
1292 1181 1693 1264 principalem
1773 1195 1957 1242 suum
2026 1183 2086 1242 in
2160 1197 2281 1259 pro
2360 1193 2711 1247 accentum

492 1321 781 1407 (quando
820 1321 986 1382 hunc
1027 1337 1176 1380 esse
1220 1317 1564 1399 legitimum
1612 1306 1817 1395 supra
1845 1305 2154 1389 diximus]
2195 1315 2467 1377 alterum
2512 1316 2717 1380 hahet

493 1453 967 1529 secundarium,
1028 1451 1177 1533 quid
1244 1451 1479 1531 patitur
1532 1446 1701 1510 aliud
1765 1447 1885 1506 nisi
1947 1445 2111 1527 quod
2164 1446 2353 1506 etiam
2400 1446 2714 1509 nitidam

498 1591 566 1645 et
606 1582 871 1660 similia,
929 1593 1097 1661 quae
1142 1578 1287 1660 quia
1335 1576 1475 1657 ipso
1520 1573 1757 1634 ambitu
1801 1583 1923 1632 suo
1966 1563 2157 1640 unius
2202 1573 2385 1652 pedis
2428 1587 2705 1636 mensu..

494 1738 629 1782 ram
695 1714 1053 1796 excedunt,
1120 1715 1180 1774 in
1243 1711 1543 1775 versibus
1605 1728 1729 1769 nou
1788 1717 2056 1789 possunt
2118 1721 2239 1768 uon
2299 1710 2516 1787 plures
2582 1725 2704 1771 ao·

496 1863 723 1917 centus
778 1846 1111 1930 recipere?
1215 1848 1443 1924 Itaque
1487 1843 1632 1904 nihil
1679 1844 1929 1905 molesti
1975 1852 2237 1905 veteres
2282 1846 2341 1906 iu
2385 1846 2491 1908 his
2533 1865 2698 1909 seu-

498 1992 719 2047 seruut
763 1984 936 2044 Triu.
978 1979 1120 2040 852.
1165 1977 1299 2039 Mil.
1346 1992 1416 2054 n,
1460 1965 1523 2053 ’2,
1567 1977 1627 2039 2.
1674 1991 1772 2054 m,
1827 1975 1886 2056 l,
1928 1975 2019 2036 25
2037 1976 2113 2054 *J
2158 1978 2329 2038 Trin.
2371 1973 2534 2040 831ε

669 2098 963 2169 'Illuricae
1004 2104 1210 2168 facies
1254 2104 1506 2166 uidetur
1588 2153 1602 2169 .

676 2234 980 2299 Videt-itis
1026 2236 1322 2316 alienum,
1366 2237 1494 2317 ego
1533 2247 1754 2300 nostra

664 2363 940 2435 'Obicere'
980 2393 1188 2456 neque
1232 2370 1294 2432 te
1338 2371 1573 2435 decora

664 2505 882 2570 nuere
926 2512 1281 2585 antemnaS,
1338 2500 1640 2566 solndere
1684 2508 1856 2568 uela:
1924 2505 1989 2568 υἱ
2038 2519 2168 2587 pax
2205 2505 2492 2586 pro'pilia'
2534 2509 2698 2573 foret

1838 2632 2113 2702 praesto.

499 2754 669 2815 Num
734 2750 897 2830 quod
949 2751 1165 2811 horum
1232 2751 1446 2813 ultimo
1517 2769 1712 2814 versu
1766 2762 2052 2833 oxytoua
2110 2773 2242 2816 vox
2298 2754 2359 2814 in
2422 2757 2696 2836 septimo

511 2872 677 2953 pede
736 2881 869 2932 est:
941 2870 1356 2951 reputandum
1421 2882 1522 2934 est
1583 2875 1972 2936 octonarium
2018 2893 2207 2956 esse,
2267 2875 2434 2957 quod
2494 2895 2697 2957 genus

509 3003 942 3065 severioribus
984 3005 1487 3086 septenariorum
1538 3008 1785 3091 legibus
1830 3008 2041 3069 multis
2088 3007 2146 3068 in
2192 3007 2379 3068 rebus
2421 3008 2695 3069 solutum

507 3146 644 3197 est:
716 3135 1241 3215 quemadmodum
1304 3155 1507 3218 parvo
1555 3136 1889 3198 intervallo
1935 3135 2013 3197 ab
2057 3136 2160 3197 illo
2205 3134 2450 3198 distans
2517 3145 2698 3198 octo-

496 3264 714 3324 narius
771 3281 839 3327 v.
897 3265 1023 3326 826
1076 3265 1260 3326 etiam
1319 3265 1377 3324 in
1434 3264 1648 3345 quinto
1702 3262 1868 3345 pede
1924 3263 2122 3326 habel:
2162 3265 2372 3345 usque'
2409 3268 2591 3326 modo
2630 3273 2699 3327 u!

496 3396 714 3459 no'lm':
757 3406 951 3477 atquc
993 3407 1214 3457 neuter
1256 3397 1343 3458 ita
1379 3403 1448 3455 ut
1483 3394 1667 3455 binae
1697 3393 1932 3455 breves
1958 3394 2449 3476 subsequantur.
2491 3392 2692 3473 Quid?

498 3528 669 3608 quod
713 3529 1007 3590 tribrachi
1052 3528 1303 3608 quidem
1348 3529 1548 3590 maior
1606 3545 1796 3608 quam
1854 3528 2137 3591 trochaei
2197 3531 2568 3594 volubilitas
2624 3546 2694 3591 ua

499 3658 561 3719 in
605 3661 949 3737 septenarii
994 3659 1242 3740 quidem
1293 3670 1485 3721 sexto
1529 3661 1695 3740 pede
1740 3660 2056 3742 displicuit
2099 3681 2164 3725 v.
2207 3661 2371 3724 906:

525 3850 588 3913 ³⁸¹)
622 3850 729 3897 Sed
766 3849 1001 3899 eiusdem
1023 3852 1344 3915 fabulaem,
1368 3852 1514 3914 1,39
1550 3852 1831 3914 experior
1866 3860 1971 3900 nec
2007 3849 2349 3899 choriambus
2388 3861 2494 3901 uec
2529 3826 2687 3914 pne-'u

625 3948 829 4008 primus
866 3961 990 3997 esse
1025 3957 1231 4011 potest:

757 4050 855 4098 1¹01
893 4051 941 4100 ld
980 4052 1185 4113 quidem
1224 4053 1485 4113 experior
1521 4053 1594 4101 ita
1631 4067 1749 4101 esse

623 4147 727 4196 Vbi
766 4148 885 4197 vide
922 4162 1042 4199 uum
1081 4150 1160 4199 sic
1196 4152 1478 4212 scripserit
1514 4159 1708 4212 poem:

761 4248 860 4298 Pol
896 4249 946 4298 ld
983 4251 1236 4311 experior
1271 4249 1513 4314 equidem
1550 4253 1626 4302 lta
1661 4264 1777 4301 esse
1864 4285 1878 4302 .
