2824 4890
481 305 896 420 ccxxxtv

482 537 638 598 titur
679 542 979 615 tanquam
1026 530 1088 593 in
1131 547 1320 608 unam
1381 530 1919 609 paeonicam
1978 525 2204 589 ambas
2257 541 2463 588 voces
2521 540 2713 586 coa-

484 666 734 731 lescere
777 661 1263 746 pronuntiando:
1303 663 1632 744 paeonicis
1671 670 1888 724 autem
1934 663 2187 741 (utpote
2220 657 2705 739 dactylicarum

483 801 793 864 rationem
835 796 1290 881 aequantibus)
1338 798 1399 856 si
1442 793 1762 875 legitimus
1804 791 1916 854 fuit
1962 791 2247 871 inprims
2273 789 2524 871 syllaba
2566 805 2705 852 ae-

480 917 734 987 centus,
778 905 916 968 fieri
961 925 1084 967 non
1129 907 1333 984 potuit
1377 903 1530 984 quin
1583 919 1730 962 eum
1791 899 2010 961 ultima
2069 915 2319 980 quoque
2380 899 2441 959 in
2484 914 2704 958 versu

353 1046 360 1054 ‘
482 1039 815 1119 reciperet.
907 1037 1050 1123 Qua
1097 1019 1572 1100 ratiocinatione
1631 1032 1972 1095 identidem
2021 1041 2267 1094 utemur
2307 1029 2492 1111 infra,
2541 1049 2702 1093 cum

482 1159 624 1234 eius
682 1169 771 1230 rei
834 1171 937 1230 vis
1003 1168 1062 1228 in
1110 1168 1270 1245 ipsis
1311 1165 1695 1246 septenariis
1739 1164 1930 1225 latius
1986 1159 2317 1244 pateat*).
2416 1163 2509 1224 Vt
2566 1182 2707 1226 non

484 1300 748 1363 diversa
790 1299 1026 1361 illorum
1072 1300 1184 1359 dat
1224 1299 1468 1359 laomim·
1504 1303 1736 1359 misero
1780 1299 1947 1359 male
1988 1297 2149 1359 ratio
2194 1296 2279 1358 sit
2318 1285 2510 1375 atque
2560 1294 2704 1357 ho-

481 1451 618 1497 rum
662 1432 723 1494 in
769 1430 1003 1495 Bacch.
1053 1430 1148 1496 15.
1189 1431 1334 1493 446.
1374 1428 1536 1492 521:
1602 1428 1967 1492 rdnumere't
2001 1425 2212 1507 facici!
2250 1427 2496 1505 lubens,
2539 1427 2706 1488 mri-

480 1562 702 1624 Iae‘ere'm
742 1558 957 1623 tenerit
994 1563 1250 1642 sedens,
1294 1558 1680 1622 be'neuole'ns
1730 1557 1898 1621 uiuit
1943 1560 2103 1634 sibi,
2153 1576 2314 1639 quae
2361 1577 2441 1619 eo
2487 1557 2703 1620 minus

484 1696 1148 1774 offensionishabent,
1191 1690 1358 1774 quod
1408 1711 1488 1754 eo
1535 1689 1597 1752 in
1639 1689 1805 1767 loco,
1850 1699 1921 1752 ut
1964 1690 2024 1751 in
2068 1689 2341 1752 senariis
2386 1689 2695 1771 diximus,

485 1831 801 1909 paeonica
845 1848 927 1890 ne
969 1837 1100 1890 tum
1147 1826 1402 1908 quidem
1451 1825 1652 1889 vitata
1697 1832 1845 1886 sunt
1902 1842 2049 1886 cum
2090 1823 2172 1885 ab
2215 1821 2517 1904 oxytonis
2564 1839 2693 1882 uon

483 1959 876 2040 excipiuntur
895 2003 916 2041 ,
962 1967 1032 2021 ut
1074 1955 1389 2037 cdpilibu's
1435 1954 1926 2036 quantitatibus,
1970 1953 2264 2032 dt'ye’tult's
2302 1955 2694 2033 primoribus

486 2089 722 2153 Bacch.
784 2088 924 2151 273.
980 2087 1127 2154 330.
1184 2086 1326 2151 638.
1383 2122 1467 2133 -
1528 2087 1664 2152 Sed
1722 2087 2256 2169 spondiacam
2316 2104 2551 2152 vocem
2611 2108 2692 2151 ne

484 2229 634 2284 autc
671 2221 831 2282 duas
871 2230 1193 2302 oxytonas
1227 2220 1477 2303 quidem
1511 2222 1974 2286 trochaicorum
2007 2222 2328 2308 elegantia
2358 2221 2684 2303 probavit,

487 2374 608 2419 nec
650 2359 810 2419 iilius
855 2355 1145 2436 exempla
1192 2353 1313 2416 bae
1356 2351 1553 2432 duae,
1597 2356 1661 2415 in
1693 2353 1920 2433 quibus
1965 2371 2133 2416 nunc
2175 2352 2533 2416 subsistere
2575 2370 2691 2415 so·

485 2493 727 2574 lomus,
788 2490 1042 2552 fabulae
1102 2488 1440 2553 Plautinae
1493 2487 1799 2568 praebent
1863 2497 2118 2567 praeter
2180 2485 2304 2548 duo
2364 2498 2686 2569 corrupta.

484 2627 655 2689 Nam
712 2600 879 2686 illum
938 2642 1002 2684 v.
1046 2620 1174 2685 329
1230 2622 1466 2683 exitum
1531 2617 1716 2684 o'mne
1765 2620 1980 2683 aute'm
2032 2620 2304 2682 medens!
2355 2629 2562 2700 tuum,
2625 2626 2686 2685 in

484 2774 672 2838 quem
719 2756 841 2818 iam
885 2754 983 2816 bis
1029 2753 1246 2815 incidit
1289 2753 1525 2832 oratio,
1585 2771 1757 2816 nunc
1799 2755 1983 2817 tertio
2025 2762 2401 2836 argumento
2450 2756 2686 2818 inteili-

482 2887 651 2967 gitur
695 2888 1120 2948 reiectaneum
1165 2905 1348 2949 esse:
1408 2886 1573 2949 haec
1627 2894 1838 2949 autem
1890 2904 1953 2947 v.
1994 2885 2122 2948 883
2177 2874 2355 2946 tuum
2407 2888 2684 2962 primas·

483 3018 763 3082 'nemora'
804 3022 964 3080 vuilit·
1008 3021 1311 3101 triplicem
1358 3020 1914 3101 transpositionem
1982 3018 2315 3083 admittere
2355 3023 2684 3084 annotatio

483 3161 704 3216 nostra
749 3151 957 3214 docet.
1042 3152 1249 3213 Multo
1293 3152 1483 3232 igitur
1528 3152 1737 3213 minus
1779 3172 1894 3233 pro
1953 3151 2241 3233 spondeo
2297 3170 2451 3215 esse
2503 3155 2685 3214 illua·

485 3307 548 3365 v.
608 3287 733 3349 957
795 3296 1043 3368 potest,
1111 3286 1212 3348 ubi
1273 3295 1560 3367 oxytona
1618 3307 1740 3349 non
1783 3296 2177 3370 sequuntur:
2240 3288 2306 3350 e't
2344 3310 2460 3367 eqo
2501 3290 2685 3350 iuda

482 3441 739 3483 nossem
778 3420 1088 3499 a'pprobe:
1131 3420 1236 3481 vel
1280 3419 1443 3481 adeo
1488 3410 1603 3481 εὗο
1640 3418 1843 3498 ynato'
1888 3424 2043 3482 dare
2083 3421 2422 3498 epistulam
2453 3440 2516 3485 v.
2543 3421 2684 3484 ΒΨ.

485 3552 585 3612 Dc
627 3551 1009 3612 iambicis
1063 3559 1274 3611 autem
1330 3569 1471 3610 cum
1522 3568 1752 3611 versus
1801 3552 2007 3613 locum
2051 3572 2171 3614 non
2217 3552 2682 3634 refugientibus

480 3679 648 3742 idern
691 3679 797 3740 hic
840 3680 1015 3739 vaiet
1060 3677 1226 3758 quod
1272 3679 1332 3738 in
1375 3682 1672 3762 senariis,
1722 3684 1894 3744 velut
1944 3685 2112 3744 Tria.
2156 3666 2298 3746 352.
2337 3682 2489 3745 360.
2532 3684 2680 3746 728.

481 3814 628 3876 910.
679 3809 856 3873 1034.
909 3812 1089 3876 1044.
1142 3812 1333 3874 1164:
1395 3813 1476 3874 de
1518 3815 2111 3877 choriambicis
2158 3814 2680 3915 molossicis·

511 4057 586 4123 ῆι)
622 4060 810 4121 ltaque
845 4056 948 4108 etsi
982 4057 1106 4106 nibil
1146 4055 1361 4118 impedit
1394 4058 1677 4120 quominus
1713 4061 1865 4110 'rr-in.
1914 4075 1965 4110 v.
2001 4062 2115 4111 877
2164 4062 2401 4111 dicamus
2436 4078 2675 4127 anapae-

614 4161 752 4209 stico
790 4160 1124 4223 iambicoque
1164 4160 1432 4209 vocabulo
1467 4161 1623 4226 finiri,
1660 4168 1836 4213 utinen
1875 4165 2072 4215 rectius
2109 4166 2268 4214 etiam
2302 4166 2456 4215 exire
2479 4167 2531 4213 in
2554 4177 2679 4228 pae-

617 4258 829 4310 onicum
864 4273 984 4312 cum
1020 4261 1249 4313 iambico
1282 4261 1547 4312 dicemus:
1581 4260 1839 4315 homines
1875 4264 1969 4317 aba·
2003 4262 2265 4316 habitent
2297 4267 2497 4330 pater.
