2824 4890
571 361 628 426 C
700 335 703 338 .

572 547 653 609 de
694 548 875 609 haud
913 541 1221 628 particula
1265 544 1649 627 praecipitur
1675 589 1706 624 „
1757 542 1942 607 Marii
1986 544 2298 609 Victorini
2355 541 2537 605 verba
2576 554 2695 620 pos·

568 693 761 763 sunt,
824 699 990 762 quae
1034 701 1073 742 e
1120 700 1178 761 p.
1227 679 1302 742 17
1346 677 1558 743 Gaisf.
1607 678 1883 760 paullulo
1942 697 2131 761 quam
2188 678 2349 761 apud
2394 673 2702 741 Putscliium

571 837 631 898 p.
673 817 841 880 2462
884 818 1270 880 correctiora
1318 816 1481 878 infra
1517 815 1785 895 scripsi:
1831 803 2054 878 ‘Haud
2090 815 2458 879 adverbium
2499 819 2586 875 est
2617 829 2704 872 ae-

571 947 778 1031 gandi·
820 957 886 1010 et
941 947 1259 1029 signifieat
1315 943 1484 1007 idem
1543 943 1712 1027 quod
1771 943 1941 1027 apud
2003 943 2300 1008 Graecos
2339 931 2453 1008 οὐκ
2506 940 2608 1005 sed
2651 938 2706 1000 ab

569 1082 845 1164 antiquis
901 1099 1042 1174 cum
1102 1077 1565 1162 adspiratione,
1628 1087 1694 1141 ut
1750 1079 1870 1141 alia
1929 1098 2181 1163 quoqne
2237 1080 2431 1144 verba
2453 1121 2473 1160 ,
2528 1074 2709 1138 dictum

573 1213 745 1297 [est]
794 1225 859 1279 et
902 1214 1155 1284 adiecta
1197 1216 1246 1275 d
1283 1215 1518 1293 littera,
1562 1230 1752 1293 quam
1785 1212 2106 1295 plerisque
2128 1212 2345 1276 verbis
2373 1175 2711 1274 adiiciebant·

571 1352 617 1412 d
653 1357 868 1412 tamen
912 1350 1183 1411 litteram
1230 1353 1616 1438 conservat,
1681 1348 1743 1407 si
1784 1361 2062 1427 sequens
2124 1343 2390 1407 verbum
2446 1339 2712 1421 incipiat·

573 1481 788 1544 vocali
834 1490 904 1544 ut
943 1482 1123 1543 leand
1160 1480 1347 1541 aliter
1388 1498 1607 1541 muros
1652 1486 1716 1540 et
1755 1481 1936 1540 haud
1971 1481 2277 1560 equidem.
2328 1487 2398 1542 at
2441 1494 2574 1539 cum
2597 1490 2711 1535 ver-
2775 1557 2780 1568 Ι

572 1613 715 1675 bum
763 1633 803 1676 a
848 1614 1222 1677 consonanti
1265 1613 1532 1695 incipit,
1575 1614 1624 1673 d
1659 1609 1863 1692 perdit
1909 1621 1978 1674 ut
2023 1613 2189 1675 haut
2226 1616 2468 1675 dudum
2507 1617 2567 1671 et
2600 1605 2714 1666 haul
2773 1587 2786 1706 ᾗ]

576 1745 842 1805 multum
886 1753 949 1805 et
1008 1744 1170 1804 haut
1203 1744 1531 1820 placitura
1572 1746 1802 1824 refert,
1866 1751 1933 1804 ct
1973 1740 2217 1804 inducit
2260 1731 2326 1808 t.’
2412 1741 2485 1805 Si
2508 1783 2529 1820 ,
2581 1750 2716 1817 quim
2769 1711 2786 1846 ιη

573 1876 920 1960 ingenitam
964 1895 1087 1938 non
1128 1875 1371 1955 habuit,
1419 1879 1467 1938 d
1509 1876 1780 1939 litteram
1826 1877 2063 1940 ascivit
2106 1875 2362 1940 demum
2411 1875 2582 1938 leand
2609 1884 2718 1949 ptr·
2769 1865 2786 1934 l<

572 2008 766 2070 ticula
809 2014 876 2069 et
913 2007 1173 2070 tollendi
1221 2007 1432 2070 hiatus
1479 2024 1716 2069 caussa
1761 2016 2148 2090 conservat,
2214 2021 2611 2091 consequens
2654 2003 2723 2061 est
2785 2069 2786 2074 ,

573 2140 868 2222 profecto
916 2150 1021 2218 ut,
1079 2142 1180 2205 ubi
1225 2143 1373 2205 nibil
1417 2143 1593 2222 hiet,
1656 2160 1779 2204 non
1837 2149 2042 2204 mutet
2097 2140 2526 2206 adventicium
2566 2139 2720 2200 incre-

575 2284 847 2338 mentum
891 2292 1032 2338 cum
1077 2275 1443 2338 adventicio
1486 2274 1875 2337 incremento
1917 2275 2066 2355 alio,
2107 2275 2226 2338 sed
2263 2276 2524 2339 abiiciat
2563 2267 2722 2353 potins
2781 2306 2787 2343 2

576 2417 639 2470 et
693 2407 1023 2490 pristinam
1079 2405 1352 2470 indolem
1419 2404 1655 2471 induat.
1743 2406 1908 2485 Quid
1967 2404 2211 2472 multa?
2277 2428 2411 2474 non
2474 2406 2553 2472 de
2602 2395 2729 2466 Ιισϋδ
2783 2450 2787 2477 1

575 2541 680 2602 vel
725 2541 889 2602 haut
921 2539 1236 2619 scriptura
1278 2541 1735 2619 grammaticus
1795 2538 2164 2619 praecepit,
2217 2538 2342 2602 sed
2388 2538 2473 2601 de
2512 2532 2729 2598 handel
2785 2580 2786 2611 ;

571 2673 736 2748 Ιιαα,
802 2690 991 2752 quam
1039 2688 1179 2732 cum
1225 2689 1350 2732 non
1398 2678 1871 2752 concoquerent
1915 2671 2181 2748 librarii,
2235 2668 2617 2757 corrigendo
2646 2659 2729 2726 sibi

573 2805 783 2867 notius
827 2804 1184 2866 intulerunt.
1268 2803 1639 2867 Inducenda
1682 2812 1836 2866 sunt
1875 2812 1940 2865 et
1978 2806 2229 2866 inducit
2260 2812 2291 2864 t
2336 2806 2575 2884 verba,
2615 2810 2731 2881 qm
2784 2834 2787 2880 ς

579 2943 806 3000 assuta
850 2953 1002 2997 esse
1044 2934 1188 3017 ipsa
1228 2936 1564 2999 collocatio
1620 2934 1849 3015 docet,
1912 2955 2059 2999 cum
2115 2938 2351 3000 saltem
2398 2941 2449 3000 d
2482 2933 2671 3017 perdit
2696 2928 2735 2989 d
2784 2978 2787 3011 Ι

568 3092 827 3150 inducit
863 3096 892 3149 t
932 3087 1373 3171 coniungenda
1422 3088 1714 3151 fuissent.
1762 3089 1863 3151 Ab
1896 3088 2071 3151 initio
2119 3089 2408 3151 fortasse
2451 3096 2560 3151 aut
2586 3086 2736 3168 ipsun
2785 3138 2786 3145 ,

572 3224 727 3286 Hau
772 3239 885 3303 pro
928 3223 1133 3285 Haud
1166 3220 1650 3302 reponendum,
1693 3229 1804 3284 aut
1847 3229 1995 3302 post
2037 3208 2115 3282 οὗ
2157 3218 2529 3284 addendum
2571 3211 2742 3295 etsfl'!
2785 3248 2786 3283 ι

566 3376 671 3418 au.
754 3328 1064 3439 Reliqua,
1096 3355 1328 3436 quibus
1372 3373 1623 3417 summa
1665 3353 2111 3435 disputationis
2153 3356 2558 3436 continetur,
2600 3350 2682 3414 sic
2707 3336 2742 3402 ⁸5
2784 3378 2787 3411 ι

568 3486 716 3568 quid
762 3486 952 3550 video
994 3486 1370 3551 scribenda:
1418 3476 1506 3549 ‘at
1557 3507 1700 3550 cum
1746 3489 2011 3551 verbum
2056 3508 2095 3551 a
2138 3489 2528 3551 consonanti
2562 3477 2740 3561 incipit,
2785 3518 2786 3533 κ

575 3621 623 3680 d
661 3619 864 3698 perdit
907 3625 976 3681 nt
1017 3620 1148 3681 hau
1191 3621 1445 3681 dubiam
1488 3628 1554 3682 et
1595 3620 1729 3681 Itan
1778 3621 1980 3682 multa
2024 3630 2089 3683 ct
2130 3622 2265 3684 Itan
2302 3624 2640 3700 placitura
2672 3628 2745 3673 Μ’
2784 3648 2786 3685 4

564 3740 711 3835 fer.'
794 3754 964 3816 Nam
1007 3764 1075 3817 ut
1120 3753 1246 3815 huc
1288 3753 1545 3816 tandem
1590 3755 1964 3837 deveniam,
2012 3754 2180 3839 quod
2220 3757 2423 3839 longe
2470 3743 2748 3838 gravissi‘
2784 3788 2787 3820 ι

570 3907 740 3951 mum
790 3896 890 3951 est
933 3896 998 3950 et
1038 3886 1339 3969 ponderis
1384 3889 1710 3971 plurimum
1760 3890 2076 3953 Victorini
2118 3891 2473 3954 memoriae
2519 3883 2746 3955 adden&
2785 3942 2786 3947 ,

569 4038 873 4083 manasse
929 4017 1094 4081 haec
1138 4018 1345 4081 omnia
1389 4037 1428 4080 e
1471 4037 1780 4104 germana
1836 4020 2162 4083 doctorum
2220 4022 2787 4105 grammaticorm1

564 4163 704 4216 arte
749 4162 815 4215 et
853 4153 1186 4234 disciplina
1229 4152 1568 4218 manifesto
1612 4154 1908 4236 exempla
1952 4154 2208 4235 docent,
2252 4172 2429 4236 quae
2475 4152 2564 4218 ad
2603 4147 2750 4215 cri&

568 4287 1009 4371 vergilianam
1057 4294 1360 4368 spectant
1400 4290 1651 4352 omnia:
1719 4288 1975 4371 quando
2034 4288 2116 4353 ad
2162 4287 2545 4373 Vergilium
2598 4275 2756 4352 gimil-
