2824 4890
457 303 957 393 ccxixvnr

452 517 708 574 eentum
756 510 952 570 etiam
999 517 1146 588 post
1189 507 1431 571 saetam
1477 509 2005 589 compositionem
2050 523 2381 580 servasse.
2429 516 2678 579 Parum

450 650 662 704 autem
709 637 1148 701 excusationis
1192 648 1480 718 paratum
1528 656 1682 701 esse
1708 643 1928 703 versui
1961 642 2089 706 679
2125 647 2358 723 sentio,
2404 648 2674 729 qualem

458 790 498 834 a
551 773 604 833 Β
645 768 955 850 proditum
1002 786 1147 832 eum
1195 770 1562 831 Hermanno
1605 775 1913 833 servavi:

626 899 848 963 Facile
882 901 1237 962 inuentust:
1270 896 1453 960 datur
1480 898 1675 981 ignis,
1712 901 2056 966 tamenetsi
2078 905 2158 967 ab
2183 905 2432 971 inimieti
2456 921 2675 989 petas.

457 1038 678 1116 Quare
734 1033 904 1096 haud
959 1033 1098 1096 seio
1157 1051 1239 1094 au
1304 1032 1663 1094 consultius
1715 1033 1803 1096 sit
1847 1052 1890 1096 a
1932 1037 2318 1116 reliquorum
2361 1039 2674 1105 librorum

450 1161 756 1225 memoria
817 1159 1043 1221 Facile
1105 1165 1207 1219 eet
1271 1162 1541 1219 inuenta
1606 1158 1923 1239 proficisci
1986 1162 2067 1225 ad
2130 1163 2300 1228 hane
2336 1182 2341 1185 ’
2374 1170 2672 1247 speciem

458 1310 691 1355 versus
734 1287 1337 1353 commendandamz
1721 1366 1727 1372 ,

618 1420 904 1484 Facilest
946 1415 1232 1483 inuentuz
1281 1417 1465 1482 datur
1506 1415 1716 1503 ignis:
1761 1419 2017 1485 tametsi
2049 1423 2129 1485 ab
2162 1425 2411 1489 inimico
2441 1440 2670 1510 petas:

454 1557 706 1640 quando
751 1573 872 1617 nee
916 1553 1239 1616 molossus
1282 1552 1388 1612 ille
1431 1550 1706 1613 inventri
1752 1553 2041 1614 insoleus
2072 1565 2323 1626 estnec
2349 1558 2673 1641 bisyltaba

458 1694 714 1753 tametsi
754 1693 1087 1767 (tanquam
1133 1693 1263 1746 lam
1299 1687 1456 1757 etet]
1515 1684 1758 1746 Formae
1817 1686 2274 1765 pronuntiatio:
2334 1709 2478 1753 nam
2540 1693 2669 1756 ab·

453 1839 680 1883 sonum
729 1827 831 1900 est
875 1815 956 1878 de
999 1815 1262 1875 έαήιὲτει·
1300 1815 1608 1895 cogitare.
1701 1814 2006 1878 vitiosior
2048 1820 2236 1882 etiam
2281 1822 2417 1883 Mil.
2461 1841 2561 1900 ιιι,
2609 1827 2665 1903 t,

459 1951 544 2015 36
585 1951 906 2035 geminum
950 1955 1365 2029 anapaestum
1412 1947 1744 2027 excipiens
1787 1923 2152 2028 spondeust

622 2079 815 2146 Clare
861 2078 1062 2142 oeulis
1106 2075 1321 2159 uideo,
1366 2074 1594 2158 pernix
1631 2098 1801 2162 sum,

459 2222 560 2286 ubi
597 2183 744 2284 ’sum
780 2218 1024 2298 pe'rnioe
1070 2217 1637 2297 transponendum:
1684 2223 1960 2282 omnium
1992 2229 2204 2283 autem
2251 2226 2557 2308 maxime,
2606 2231 2666 2291 si

464 2376 653 2439 quem
687 2354 904 2416 horum
938 2369 1200 2414 sensum
1222 2350 1452 2432 habeo,
1499 2351 1918 2415 intolerabiles
1961 2352 2024 2414 hi
2067 2366 2376 2420 accentus
2423 2360 2665 2427 sacch.

453 2493 619 2559 394:

621 2612 812 2687 'Ante
855 2624 1056 2686 solem
1098 2619 1500 2684 eoeo'rientlm
1541 2620 1660 2681 uisi
1705 2617 1766 2683 in
1813 2624 2196 2703 palaestram
2242 2626 2556 2694 ueneras:

456 2761 557 2842 qui
603 2776 840 2820 versus
884 2756 1033 2818 vide
1076 2765 1313 2838 quanto
1354 2756 1561 2820 lenius
1610 2760 1787 2822 velut
1830 2762 1928 2824 sie
1972 2761 2166 2827 fluatx

618 2880 811 2953 'Ante
852 2857 1053 2953 solem
1097 2887 1218 2953 nisi
1263 2899 1331 2953 tu
1372 2890 1775 2955 exdrienlem
1813 2890 1875 2957 in
1921 2915 1979 2977 p.
2024 2916 2085 2959 u.

612 3022 949 3083 Postremo
979 3018 1281 3100 primus
1322 3031 1507 3101 post
1551 3028 1957 3089 eretieum
1999 3047 2147 3109 pes
2190 3050 2313 3093 non
2351 3033 2655 3098 minorem

450 3176 634 3239 quam
681 3156 740 3217 in
787 3155 941 3237 ipsis
986 3128 1257 3217 senariis
1285 3157 1666 3221 varietatem
1710 3162 1981 3243 recepit:
2027 3183 2146 3229 neo
2188 3169 2294 3229 vel
2340 3172 2654 3234 tantillum

449 3288 872 3371 inelegantiae
914 3288 1058 3350 sive
1101 3285 1453 3369 spondiaca
1498 3289 1643 3352 sive
1685 3297 2103 3373 anapaestioa
2163 3316 2296 3360 vox
2359 3299 2482 3365 illie
2525 3303 2653 3365 ha-

447 3422 600 3484 bere
639 3426 786 3485 visa
830 3430 953 3503 est,
998 3430 1068 3485 ut
1113 3423 1240 3484 ulla
1284 3441 1560 3506 unquam
1606 3447 1796 3511 cura,
1860 3433 2051 3496 etiam
2115 3435 2219 3497 ubi
2276 3436 2498 3501 liceret
2543 3440 2653 3502 fa-

455 3557 723 3638 cillime,
779 3561 986 3622 vitata
1038 3559 1142 3623 sit.
1238 3562 1384 3624 Nee
1445 3564 1696 3624 omnino
1743 3566 1970 3650 fugere
2011 3588 2370 3652 quenquam
2412 3581 2657 3655 potest,

445 3696 826 3760 accentuum
867 3707 932 3760 et
963 3717 1360 3762 numerorum
1397 3705 1899 3782 repugnantiam,
1944 3686 2027 3765 ab
2073 3704 2211 3784 ipsa
2256 3709 2653 3768 necessitate

443 3828 613 3912 apud
661 3828 782 3892 hos
839 3840 1067 3912 poetas
1121 3835 1475 3915 profectam
1528 3842 1596 3896 et
1638 3842 1939 3916 tanquam
1983 3837 2201 3899 invitis
2243 3855 2648 3918 eoncessum,

440 3964 683 4028 eisdem
750 3967 1070 4048 paullatim
1141 3972 1201 4031 in
1276 3971 1672 4050 voluptatem
1749 3971 2024 4034 vertisse
2093 3981 2159 4035 et
2226 3956 2423 4034 multo
2470 3973 2648 4053 prius

431 4116 564 4191 ,non
637 4097 938 4162 mediocri
1006 4119 1091 4163 ex
1150 4110 1332 4181 parte
1390 4100 1639 4182 probari
1706 4110 2004 4183 coeptam
2067 4118 2217 4199 esse
2281 4110 2353 4163 ut
2411 4100 2648 4184 aliquid

438 4229 690 4309 gratiae
747 4230 1167 4315 afferentem,
1233 4254 1424 4316 quam
1482 4240 1548 4300 in
1613 4249 1853 4302 certam
1914 4235 2439 4301 cousuetudinem
2507 4238 2649 4301 eius
