2824 4890
483 372 897 465 cccxxiv

481 555 808 642 cupientes
848 562 1105 643 legitur.
1151 589 1236 603 -—-
1280 557 1349 620 P.
1394 569 1619 619 mxxvi.
1663 569 1850 636 qiiam
1898 552 2076 615 attuli
2116 553 2386 616 Palatini
2422 554 2491 635 ‘B
2518 552 2674 613 scri-

480 704 728 778 pturam
754 699 956 756 setius
981 711 1093 774 pro
1122 697 1356 767 recines,
1400 712 1541 754 eam
1588 691 1804 753 mirum
1846 700 1947 753 est
1993 691 2090 753 bis
2131 693 2193 755 in
2241 702 2368 755 tam
2413 692 2673 774 antiquis

481 826 904 891 monumentis
963 824 1220 905 reperiri
1275 842 1464 905 quiam
1523 831 1676 885 sunt
1732 824 1875 886 Lex
1920 824 2199 888 Servilia
2249 833 2318 888 et
2357 826 2676 889 Sententia

487 959 570 1024 de
615 958 845 1022 finibus
892 958 1050 1019 inter
1093 956 1431 1021 Genuates
1493 966 1559 1019 et
1616 956 1910 1018 Viturios
1967 956 2272 1038 regundis
2335 960 2482 1021 lata.
2591 960 2681 1021 De

491 1110 619 1175 quo
664 1090 810 1174 quid
854 1089 1257 1153 sentiendum
1301 1090 1409 1170 sit,
1454 1090 1603 1151 volo
1645 1089 1725 1152 ab
1767 1089 1912 1151 aliis
1955 1089 2187 1152 doceri.
2227 1122 2308 1136 —
2354 1092 2427 1153 Ρ.
2472 1111 2682 1156 mix.

487 1223 730 1306 expetii
762 1219 1308 1303 quadrisyllabum
1373 1218 1621 1282 vasculi
1681 1236 1908 1282 nomen
1966 1219 2260 1301 aliquod,
2303 1220 2477 1303 quod
2527 1222 2682 1287 Tria.

488 1372 552 1420 v.
594 1354 721 1447 4⁹².
763 1352 933 1415 duce
977 1351 1401 1414 Ambrosiano
1444 1348 1702 1432 codice,
1746 1351 1808 1412 in
1854 1367 1979 1431 quo
2025 1367 2292 1414 saw-1⁴·
2318 1370 2455 1414 uu
2489 1369 2679 1433 appa·

490 1491 753 1567 ruisset,
798 1486 856 1547 in
901 1494 1252 1566 suspectae
1292 1484 1575 1545 salinum
1619 1482 1864 1545 formae
1922 1483 2132 1545 locum
2189 1483 2682 1549 substitueretur.

491 1617 654 1681 'l'ale
685 1622 809 1680 etsi
837 1637 916 1678 ue
940 1633 1104 1679 nunc
1146 1615 1399 1698 quidem
1443 1617 1678 1696 inveni,
1724 1625 1936 1678 tamen
1981 1616 2039 1678 si
2081 1615 2246 1679 sorte
2274 1614 2339 1677 iu
2370 1616 2684 1699 trisyllaba

493 1753 697 1817 forma
721 1748 1257 1834 acquiescendum
1283 1751 1367 1812 sit
1392 1748 1858 1830 quadrisyllabo
1878 1755 2121 1811 animae·
2145 1749 2438 1831 genitivo
2471 1753 2683 1825 iuncta,

501 1891 761 1964 praesto
803 1884 887 1944 sit
930 1884 990 1944 in
1034 1881 1277 1944 Labbci
1319 1883 1656 1965 glossariis
1701 1902 1762 1964 p.
1791 1852 1922 1943 '3²3
1956 1879 2055 1945 ed.
2093 1879 2294 1944 Lond.
2325 1891 2681 1945 annotatum

504 2014 894 2075 ‘sitellam
950 1998 1216 2093 xo'cdtov’,
1268 2031 1385 2095 pro
1447 2032 1572 2095 quo
1617 2032 1657 2075 e
1697 2011 2115 2094 scriptoribus
2154 2012 2387 2075 saeua
2446 2020 2674 2076 tautum

393 2165 396 2172 ·
498 2156 568 2212 ct
607 2149 807 2211 situla
849 2148 1090 2213 formas
1132 2150 1451 2213 novimus.
1497 2181 1579 2195 —-
1618 2148 1693 2212 Ρ.
1736 2167 1935 2212 Lxxx.
1983 2147 2346 2212 dubitanter
2391 2148 2682 2213 defensae

507 2281 941 2362 coniecturae,
987 2297 1111 2363 qua
1153 2280 1599 2361 inexplicabile
1644 2284 1859 2344 visum
1904 2299 1968 2343 V.
2012 2282 2138 2344 644
2175 2284 2423 2343 uindex
2476 2298 2685 2343 nomen

485 2409 742 2474 *mutavi
786 2409 849 2471 in
891 2415 963 2471 tu
1004 2411 1192 2490 obeso,
1235 2408 1383 2472 illud
1429 2410 1685 2473 obstare
1727 2408 1920 2472 video
1963 2408 2132 2491 quod
2175 2409 2436 2473 Phocas
2504 2417 2691 2472 testa·

501 2553 602 2606 tur
645 2562 705 2624 p.
755 2542 953 2605 1709:
998 2540 1146 2606 ‘alia
1191 2541 1540 2606 ablativum
1586 2550 1825 2631 tautum
1868 2542 2105 2605 habent
2142 2545 2203 2606 in
2246 2543 2562 2626 singulari
2588 2562 2694 2607 nu-

493 2693 691 2757 mero,
739 2684 809 2739 ut
849 2679 926 2738 ab
968 2677 1087 2737 laec
1121 2678 1327 2757 fraqi,
1379 2677 1458 2737 ab
1503 2676 1625 2736 1100
1672 2676 1863 2751 obice,
1912 2678 1992 2737 ab
2038 2677 2164 2738 leae
2201 2697 2415 2755 prece,
2461 2681 2545 2739 ab
2584 2680 2688 2739 laec

498 2805 791 2871 uiscera?

877 2807 1066 2886 Quod
1110 2782 1690 2889 praeceptum‘etsi
1733 2828 1856 2871 non
1898 2819 2003 2874 est
2047 2799 2216 2874 omui
2249 2830 2335 2874 ex
2378 2822 2568 2894 parte
2591 2832 2697 2875 vo-

503 2955 686 3017 rum,
740 2955 884 3000 cum
944 2938 1113 3018 apud
1181 2940 1387 3020 ipsum
1434 2941 1732 3004 Plautum
1777 2943 1966 3004 etiam
2024 2944 2444 3007 accusativus
2486 2948 2696 3007 obicem

502 3078 760 3153 exstet,
828 3084 1038 3135 tamen
1082 3076 1301 3137 nescio
1348 3093 1433 3139 an
1479 3098 1620 3142 eam
1663 3080 1795 3142 vim
1838 3079 2071 3143 habeat
2118 3091 2189 3144 ut
2231 3083 2460 3144 saltem
2507 3080 2699 3143 nomi-

498 3206 787 3270 nativum
831 3205 1036 3271 fuisse
1075 3209 1439 3274 inusitatum
1484 3215 1891 3294 persuadeat.
2007 3217 2247 3279 Contra
2302 3221 2556 3281 scinde-2·
2593 3215 2698 3280 nisi

496 3336 667 3402 forte
706 3338 769 3401 in
811 3342 1027 3421 prisca
1070 3342 1379 3407 latinitate
1423 3345 1903 3409 reconditiorem
1962 3350 2238 3431 aliquem
2279 3350 2694 3433 significatum

498 3467 757 3533 habuit:
826 3438 1039 3546 (velut
1096 3473 1367 3555 cogitari
1428 3485 1643 3555 potest
1684 3476 2021 3540 vindicans
2064 3478 2127 3542 h.
2176 3496 2238 3545 e.
2281 3480 2608 3546 mciscens
2644 3490 2701 3543 et

505 3602 773 3681 puniens
815 3605 1071 3668 scelera
1104 3609 1391 3671 carnifex
1433 3608 1770 3691 aliquando
1813 3609 2025 3674 dictus
2070 3630 2223 3677 esse
2264 3612 2570 3688 uiridem)
2613 3633 2703 3677 me

384 3800 394 3809 ,
500 3736 754 3800 nescire
799 3737 1009 3801 fateor
1050 3741 1201 3821 quid
1245 3743 1511 3827 vulgata
1553 3745 1867 3828 scriptura
1908 3748 2037 3812 fiat.
2081 3783 2163 3797 -
2208 3751 2282 3814 P.
2327 3744 2589 3816 mxxxiv
2618 3771 2702 3835 sq.

499 3869 725 3933 nescio
768 3871 1086 3952 quomodo
1128 3877 1496 3940 memoriam
1543 3897 1750 3942 meam
1792 3881 1958 3965 fugit
1999 3883 2248 3947 Bentlei
2313 3886 2375 3946 in
2420 3887 2623 3950 Andr.
2659 3904 2702 3966 ι,

504 4000 574 4085 3,
622 4003 698 4066 11
742 4007 1090 4088 annotatio,
1137 4026 1265 4090 qua
1306 4011 1779 4093 exquisitiorem
1825 4016 1998 4079 illum
2037 4022 2322 4080 αι’-εἰη
2362 4021 2707 4101 particula-

487 4154 637 4198 ·rum
684 4154 867 4199 usum
911 4136 1154 4218 pti'dem
1202 4142 1564 4208 rectissime
1611 4148 1977 4227 explicavit.
2051 4148 2196 4213 Nisi
2238 4151 2408 4232 quod
2451 4153 2710 4236 reliquis

502 4269 812 4350 exemplis
859 4288 1194 4353 perperam
1238 4272 1548 4341 Pseuduli
1590 4295 1635 4359 1,
1681 4279 1746 4362 5,
1795 4281 1914 4345 129
1977 4300 2234 4348 versum
2278 4283 2565 4370 miscuit,
2608 4286 2712 4349 ubi
