2824 4890
473 677 726 761 quidem
772 674 949 735 volui
975 673 1280 733 Turinum
1308 666 1450 727 illas
1481 660 1880 725 membranas
1925 674 2103 735 esse,
2144 668 2405 734 quarum
2452 650 2676 710 virtu-⁷

469 823 597 877 tem
643 794 994 874 monstravi
1040 805 1119 867 de
1163 804 1315 866 crisi
1359 800 1455 861 Pl.
1498 818 1559 879 p.
1614 794 1746 856 155.
1787 790 1906 853 531
1955 807 2137 870 sqq.:
2210 802 2372 867 quas
2439 785 2548 863 qui
2612 782 2674 842 in

468 944 1041 1025 Francogallorum
1104 936 1290 998 terris
1353 934 1634 995 fortasse
1688 927 2075 1006 superstites
2134 916 2492 1000 indagarit,
2554 912 2680 976 dici

464 1079 686 1159 nequit
744 1092 931 1155 quam
991 1071 1077 1131 sit
1136 1068 1217 1131 de
1265 1067 1499 1128 Plauto
1551 1062 1715 1124 bene
1773 1059 2131 1121 meriturus.
2220 1051 2407 1129 Quae
2465 1067 2681 1109 mem-

464 1217 703 1278 branae
749 1207 1283 1295 quemadmodum
1333 1201 1645 1286 quosdam
1689 1214 1921 1260 versus
1956 1194 2386 1272 (versuumve
2418 1183 2680 1267 partes)

470 1348 813 1408 servarunt
852 1340 912 1402 in
956 1342 1017 1402 Β
1064 1336 1503 1412 desideratos,
1548 1333 1636 1391 ita
1679 1327 1932 1389 circiter
1975 1320 2208 1403 viginti
2253 1321 2314 1381 Β
2356 1316 2681 1393 servavit,

468 1495 633 1560 quos
691 1476 753 1536 in
800 1493 841 1555 η
897 1467 1219 1533 excidisse
1284 1462 1577 1527 codicum
1623 1460 1742 1522 OD
1809 1470 2164 1519 cousensus
2222 1449 2410 1512 docet
2469 1448 2685 1518 (velut

471 1612 641 1678 'l'rin
689 1608 833 1670 3⁶22.
874 1563 1064 1677 9045.
1109 1601 1229 1663 sed
1274 1608 1340 1661 ut
1384 1608 1597 1660 tamen
1644 1595 1846 1656 altera
1889 1611 1973 1652 ex
2016 1596 2198 1671 parte
2243 1589 2432 1649 etiam
2468 1585 2529 1646 iu
2557 1586 2678 1648 011

471 1742 868 1822 reperiantur
912 1752 1273 1817 quanquam
1316 1748 1577 1791 numero
1620 1726 1839 1808 pauci,
1887 1724 1992 1805 qui
2039 1742 2079 1785 a
2117 1724 2177 1784 Β
2220 1720 2455 1799 absint,
2499 1719 2681 1779 velut

474 1872 915 1938 Mostellariae
956 1887 1027 1947 v,
1080 1869 1135 1942 l,
1188 1866 1285 1929 to.
1327 1866 1411 1928 cf.
1461 1866 1631 1926 Trin.
1684 1862 1862 1924 1174.
1949 1862 2168 1941 Atque
2218 1858 2342 1921 hoc
2396 1875 2518 1918 uno
2577 1857 2684 1917 in-

476 2010 640 2074 dicio
696 2005 859 2067 satis
900 2005 1024 2066 iam
1084 2012 1340 2064 cautum
1403 2020 1555 2064 esse
1618 2000 1950 2074 existimo,
2014 2017 2094 2060 ne
2146 1997 2286 2078 quis
2329 1996 2449 2058 011
2491 1993 2685 2056 libros

473 2162 558 2205 ex
603 2141 742 2222 ipso
787 2141 848 2201 Β
889 2143 1177 2217 repetere
1222 2134 1498 2196 animum
1544 2132 1824 2194 inducat.
1912 2132 2146 2213 Neque
2191 2130 2447 2192 'temere
2501 2130 2685 2210 quic·-

472 2293 661 2357 quam
704 2280 1044 2354 propterea
1072 2315 1091 2350 ,
1137 2269 1305 2351 quod
1350 2268 1457 2330 vel
1502 2269 1561 2329 in
1611 2269 1667 2328 Β
1709 2265 1848 2328 solo
1892 2263 1999 2340 vel
2042 2265 2101 2325 in
2143 2264 2298 2325 solis
2342 2262 2461 2325 ΟΖ)
2505 2262 2680 2342 legi-

475 2416 602 2486 tur,
648 2405 913 2472 calidius
955 2401 1304 2487 putandum
1351 2408 1454 2462 est
1495 2397 1642 2461 fidei
1687 2406 1792 2460 aut
1839 2396 1981 2479 plus
2025 2404 2134 2458 aut
2178 2395 2381 2457 minus
2411 2393 2684 2456 habere:

478 2542 673 2604 immo
729 2560 813 2602 ex
858 2537 1198 2601 coniuncta
1243 2533 1493 2595 demum
1537 2532 1756 2594 horum
1813 2531 2000 2593 trium
2049 2530 2319 2592 omnium
2381 2527 2686 2590 memoria

483 2669 633 2734 illud
664 2668 1027 2748 eruendum,
1078 2664 1245 2747 quod
1291 2664 1585 2727 videatur
1623 2662 1681 2722 in
1727 2661 2038 2722 communi
2078 2659 2253 2724 fonte
2295 2676 2327 2719 ε
2372 2657 2685 2720 extitisse.

484 2805 544 2866 A
591 2802 767 2865 cuius
811 2809 1025 2860 tamen
1066 2796 1355 2875 exemplo
1402 2793 1590 2855 facile
1632 2810 1791 2854 sane
1831 2789 2177 2871 generatim
2222 2787 2520 2850 iudicanti
2564 2806 2686 2867 pa-

484 2944 581 2999 tet
638 2936 831 3013 louge
891 2927 1152 3011 propius
1197 2928 1250 2986 B
1290 2943 1480 3006 quam
1527 2925 1644 2988 OD
1688 2923 1954 3001 abesse,
2014 2921 2118 3003 qui
2164 2921 2243 2983 ab
2289 2919 2390 3017 illo
2448 2920 2688 2981 minore

484 3065 720 3130 aetatis
779 3080 965 3145 quam
1021 3059 1451 3141 praestantiae
1517 3057 1848 3119 intervallo
1908 3053 2163 3117 distent.
2265 3054 2504 3114 Verum
2565 3053 2684 3133 ipsi

371 3246 374 3249 -
483 3199 606 3262 011
655 3215 782 3279 qua
828 3201 1132 3273 externa,
1190 3192 1416 3255 eadem
1472 3190 1819 3270 scripturae
1861 3206 2113 3270 quoque
2152 3183 2559 3248 similitudine
2601 3185 2691 3246 ita

489 3335 922 3406 continentur,
984 3337 1055 3391 ut
1098 3330 1358 3389 alterum
1414 3326 1518 3407 qui
1563 3325 1624 3385 in
1682 3319 2299 3403 promptu-habeat,
2357 3317 2496 3378 fere
2549 3316 2691 3379 sine

496 3464 628 3526 ullo
671 3459 1067 3526 incommodo
1109 3476 1331 3520 carere
1373 3457 1575 3518 altero
1624 3454 1847 3534 possit.
1933 3453 2102 3514 Nam
2161 3451 2383 3511 horum
2428 3447 2687 3530 quidem

488 3599 677 3660 etiam
725 3592 978 3675 propior
1023 3601 1125 3653 est
1170 3588 1476 3664 affinitas,
1522 3604 1706 3667 quam
1749 3602 1917 3666 quae
1961 3582 2125 3645 inter
2168 3584 2228 3644 Β
2267 3579 2368 3644 Dt
2414 3583 2474 3642 J
2506 3575 2546 3656 ζ
2591 3582 2690 3642 in-

488 3728 798 3792 terceditt
866 3726 984 3789 nisi
1041 3722 1211 3807 quod
1271 3732 1482 3784 tamen
1537 3728 1827 3783 neutrum
1887 3739 1971 3782 ex
2029 3720 2231 3781 altero
2277 3717 2691 3798 ⁴‘descriptum

490 3880 638 3926 esse
678 3869 920 3923 certum
969 3870 1090 3924 est.
1177 3859 1346 3919 Hinc
1402 3858 1600 3939 igitur
1655 3864 1757 3916 est
1806 3854 2009 3936 quod,
2072 3871 2217 3914 cum
2266 3852 2548 3914 breviter
2594 3852 2697 3912 lo-

491 4000 776 4082 quimur,
843 3998 1032 4061 fidem
1090 4014 1339 4058 omnem
1385 3994 1724 4056 Plautinae
1781 3990 2136 4071 scripturae
2193 3994 2371 4048 recte
2419 3984 2703 4047 dicimus

485 4133 559 4194 in
601 4130 1103 4195 Ambrosiani
1158 4128 1908 4207 palatinorumque
1966 4124 2273 4186 memoria
2310 4127 2700 4185 consistere.

486 4260 785 4324 Ceterum
844 4281 884 4343 η
935 4279 1080 4324 eum
1137 4257 1342 4323 fuisse
1404 4255 1696 4320 codicem
1757 4264 2050 4338 oportet,
2111 4257 2175 4317 in
2237 4272 2364 4336 quo
2425 4253 2701 4335 primum
