2824 4890
2046 369 2365 435 cxcvu
2460 417 2469 420 -

145 533 441 616 doctrina
490 536 615 600 etsi
659 537 910 601 modum
953 540 1244 605 veritatis
1287 561 1551 623 prorsus
1592 545 1905 631 excessit,
1934 560 2143 616 tamen
2167 560 2360 620 etiam

145 664 414 748 longius
453 666 993 748 progrediendum
1039 689 1188 736 esse
1233 675 1567 739 Beckerus
1624 685 1716 760 (p.
1782 682 1933 755 ¹06)
1980 693 2156 747 ratus
2199 689 2361 750 cali·

143 795 296 859 dius
340 800 761 880 praecepisse
807 802 1101 884 bingium
1145 804 1339 869 dixitt
1384 805 1741 871 addendam
1787 813 1951 873 enim
1999 815 2361 894 penthemi-

135 929 304 992 meri
332 938 513 992 certe
530 930 1138 1011 hephthemimerem
1183 957 1360 1021 esse,
1402 951 1474 1004 ut
1516 943 1579 1004 in
1638 961 1762 1024 qua
1807 965 1931 1009 non
1973 949 2118 1029 pius
2163 969 2353 1032 quam

136 1072 199 1133 in
239 1070 352 1133 illa
398 1071 774 1136 offensionis
814 1074 1029 1139 hiatus
1065 1076 1348 1144 haberet.
1432 1040 1770 1165 Reliduum
1820 1099 1957 1151 erat
1998 1100 2069 1153 ut
2107 1075 2186 1154 ea
2229 1092 2353 1156 do-

141 1203 355 1266 ctrina
393 1204 810 1286 perficeretur
852 1218 917 1271 et
959 1213 1209 1274 omnino
1251 1214 1461 1276 nullus
1504 1216 1566 1278 in
1598 1218 1727 1281 ullo
1770 1239 1964 1283 versu
1991 1223 2171 1287 locus
2209 1244 2362 1290 esse

137 1331 492 1416 diceretur,
534 1337 683 1418 quin
708 1339 791 1400 ab
812 1341 1170 1422 elegantiae
1209 1345 1497 1409 nimirum
1527 1357 1592 1410 et
1624 1354 2063 1417 concinnitatis
2092 1368 2158 1420 et
2201 1378 2357 1440 per-

139 1467 522 1547 spicuitatis
563 1467 871 1535 studiosis
915 1476 1126 1554 poetis
1173 1477 1440 1558 legitimi
1476 1482 1725 1545 scilicet
1750 1483 1960 1548 hiatus
1988 1499 2356 1554 ornamento

140 1601 492 1682 aliquando
537 1603 1003 1667 condecoratus
1045 1615 1239 1670 esset.
1328 1611 1544 1692 Atque
1582 1610 1710 1674 hoc
1755 1616 2055 1700 quicquid
2089 1630 2190 1683 est
2210 1622 2357 1685 lau-

139 1731 250 1794 dis
293 1733 416 1797 sibi
471 1755 596 1797 non
638 1746 790 1799 sunt
848 1739 1009 1820 eripi
1071 1741 1245 1820 passi
1287 1741 1765 1807 Lindemaunus
1824 1766 1968 1812 cum
2011 1753 2150 1815 suis
2193 1771 2354 1817 con-

135 1869 556 1949 gerronibusx
602 1887 766 1951 quos
809 1845 1226 1953 posteaquam
1270 1879 1495 1940 leniter
1523 1882 1866 1958 perstrinxi
1896 1885 2102 1949 Musei
2136 1889 2353 1970 philol.

135 2013 184 2066 t.
225 2022 296 2067 v.
340 2024 382 2067 a
424 2025 484 2086 p.
532 2002 652 2068 136
693 2006 775 2069 ad
822 2007 967 2088 142,
1012 2029 1178 2072 nunc
1218 2012 1441 2077 iterum
1489 2014 1796 2081 defricare
1845 2020 2010 2088 nolo.
2076 2030 2150 2089 ln
2193 2045 2354 2108 quos

137 2141 439 2219 apprime
478 2146 874 2206 convenitmt
918 2164 1085 2227 quae
1127 2159 1278 2211 ante
1321 2151 1443 2213 hos
1487 2171 1686 2217 cxxn.
1732 2176 1934 2221 annos
1978 2161 2143 2221 iusta
2186 2160 2352 2222 iodi-

131 2272 474 2354 guatioue‚
513 2282 580 2335 et
608 2284 822 2338 tamen
856 2277 1093 2342 frustra
1135 2289 1207 2343 ut
1264 2302 1433 2347 nunc
1473 2298 1760 2370 apparet,
1806 2290 2139 2353 Bentleius
2193 2312 2349 2375 pro-

134 2406 490 2469 nuntiavit:
593 2405 932 2476 ‘Nimirum
997 2414 1064 2477 hi
1130 2436 1255 2480 non
1312 2419 1491 2500 ipsos
1553 2430 1815 2505 poetas,
1862 2443 1986 2487 non
2032 2431 2234 2487 artem
2279 2434 2347 2486 et

133 2508 426 2619 rhythmi
490 2543 788 2626 genium,
847 2546 966 2609 sed
1028 2548 1315 2615 librarios
1376 2557 1497 2618 sibi
1553 2557 1755 2621 duces
1798 2568 2084 2624 sumunt:
2142 2568 2208 2621 et
2252 2568 2352 2621 tot

134 2663 279 2728 fere
324 2666 717 2736 licentiarum
780 2680 1038 2757 species
1096 2683 1214 2744 sibi
1274 2685 1541 2769 fingunt,
1614 2699 1769 2771 quot
1824 2693 1883 2754 in
1946 2701 2079 2756 toto
2124 2695 2351 2757 Plauto

141 2797 582 2884 Terentioque
644 2807 921 2872 vitiosae
962 2811 1272 2879 lectiones
1317 2839 1490 2882 nunc
1552 2834 1835 2908 restant,
1907 2829 2140 2910 unique
2198 2830 2341 2893 loco

134 2931 249 3011 qui
326 2933 764 3000 emendandus
836 2953 1017 3024 erat,
1090 2967 1174 3009 ex
1234 2952 1435 3014 altero
1497 2972 1707 3037 aeque
1765 2959 2073 3022 mendoso
2116 2970 2345 3042 patro-

133 3064 376 3127 cinium
423 3069 780 3146 quaeruna’
825 3073 947 3151 Qui
990 3077 1241 3157 quidem
1292 3081 1592 3164 viderint,
1642 3088 1746 3168 qui
1790 3107 1864 3150 se
1908 3091 2159 3154 civibus
2203 3095 2341 3157 suis

134 3199 593 3263 commendare
654 3209 945 3282 potuisse
1001 3229 1149 3272 eum
1212 3222 1465 3290 poetam
1524 3215 1772 3294 dicant,
1831 3222 2013 3283 cuius
2054 3241 2161 3284 ars
2206 3244 2348 3287 cum

136 3338 321 3400 vitae
374 3355 557 3399 usum
623 3350 688 3402 et
752 3342 1076 3405 familiaris
1140 3349 1454 3408 sermonis
1498 3349 2021 3413 cousuetudinem
2077 3371 2347 3457 reprac-

138 3484 471 3548 sentaret,
518 3474 671 3541 iilud
716 3491 926 3544 tamen
971 3484 1328 3564 negligeret
1372 3481 1541 3564 quod
1601 3482 1832 3577 Cicero
1878 3484 2056 3548 Orat.
2098 3492 2154 3560 §.
2221 3488 2341 3550 152

138 3607 302 3671 dicit
365 3610 565 3670 ‘nobie
630 3629 713 3671 ne
751 3616 815 3672 ei
870 3618 1203 3689 cupiamus
1245 3617 1499 3693 quidem
1547 3615 1914 3678 distrahere
1951 3638 2141 3682 noces
2186 3641 2346 3683 con-

136 3742 436 3809 ceditur-,⁹

309 3876 436 3937 His
466 3884 675 3937 autem
715 3877 935 3938 verbis
971 3896 1136 3959 quae
1169 3882 1497 3952 continuat
1531 3881 1797 3946 cicero:
1845 3883 2154 3945 ‘Indicant
2199 3899 2350 3942 ora-

134 4014 357 4073 tiones
400 4008 544 4069 illae
587 4009 767 4089 ipsae
809 4008 1172 4071 horridulae
1216 4010 1517 4091 Catonis,
1565 4012 1843 4075 indicant
1869 4032 2089 4074 omnes
2118 4023 2349 4092 poetae

132 4154 400 4225 praeter
444 4161 585 4223 eos,
631 4144 736 4225 qui
782 4154 850 4207 ut
894 4164 1149 4207 versum
1194 4145 1482 4208 facerent
1512 4162 1709 4224 saepe
1741 4144 2030 4205 hiabant:
2070 4152 2137 4204 ut
2160 4143 2347 4205 Nae-

137 4282 292 4344 vius
345 4281 479 4342 Vos
519 4285 637 4362 qui
675 4282 963 4344 accolitis
1005 4285 1301 4345 Histrum
1336 4282 1611 4359 fluuium
1666 4284 1856 4357 atque
1914 4278 2189 4354 algidam
2200 4324 2222 4356 ,
2283 4288 2349 4341 et
