<?xml version="1.0" encoding="UTF-8"?>
<!DOCTYPE html PUBLIC "-//W3C//DTD XHTML 1.0 Transitional//EN"
    "http://www.w3.org/TR/xhtml1/DTD/xhtml1-transitional.dtd">
<html xmlns="http://www.w3.org/1999/xhtml" xml:lang="en" lang="en">
 <head>
  <title>
</title>
<meta http-equiv="Content-Type" content="text/html;charset=utf-8" />
  <meta name='ocr-system' content='tesseract 3.04.00' />
  <meta name='ocr-capabilities' content='ocr_page ocr_carea ocr_par ocr_line ocrx_word'/>
</head>
<body>
  <div class='ocr_page' id='page_1' title='image "./tmacciplauticom03ritsgoog_0195.png"; bbox 0 0 2824 4890; ppageno 0'>
   <div class='ocr_carea' id='block_1_1' title="bbox 1978 327 2366 396">
    <p class='ocr_par' dir='ltr' id='par_1_1' title="bbox 1978 327 2366 396">
     <span class='ocr_line' id='line_1_1' title="bbox 1978 327 2366 396; baseline 0.008 -5"><span class='ocrx_word' id='word_1_1' title='bbox 1978 327 2366 396; x_wconf 81' lang='lat' dir='ltr'>CLXXXV</span> 
     </span>
    </p>
   </div>
   <div class='ocr_carea' id='block_1_2' title="bbox 145 510 2375 4072">
    <p class='ocr_par' dir='ltr' id='par_1_2' title="bbox 145 510 2369 1521">
     <span class='ocr_line' id='line_1_2' title="bbox 331 510 2304 595; baseline 0.001 -19"><span class='ocrx_word' id='word_1_2' title='bbox 331 514 519 594; x_wconf 79' lang='lat' dir='ltr'>Quod</span> <span class='ocrx_word' id='word_1_3' title='bbox 565 511 841 595; x_wconf 84' lang='lat' dir='ltr'>quisque</span> <span class='ocrx_word' id='word_1_4' title='bbox 887 511 943 573; x_wconf 89' lang='lat' dir='ltr'>in</span> <span class='ocrx_word' id='word_1_5' title='bbox 993 514 1201 574; x_wconf 88' lang='lat' dir='ltr'>animo</span> <span class='ocrx_word' id='word_1_6' title='bbox 1245 511 1443 575; x_wconf 82' lang='lat' dir='ltr'><strong>habe&#39;t</strong></span> <span class='ocrx_word' id='word_1_7' title='bbox 1480 522 1588 573; x_wconf 89' lang='lat' dir='ltr'><strong>aut</strong></span> <span class='ocrx_word' id='word_1_8' title='bbox 1631 510 2011 590; x_wconf 78' lang='lat' dir='ltr'>habiturust,</span> <span class='ocrx_word' id='word_1_9' title='bbox 2057 515 2304 577; x_wconf 81' lang='lat' dir='ltr'>sciunt:</span> 
     </span>
     <span class='ocr_line' id='line_1_3' title="bbox 151 646 2365 729; baseline -0.001 -16"><span class='ocrx_word' id='word_1_10' title='bbox 151 652 255 714; x_wconf 89' lang='lat' dir='ltr'>cui</span> <span class='ocrx_word' id='word_1_11' title='bbox 304 651 519 711; x_wconf 80' lang='lat' dir='ltr'>versui</span> <span class='ocrx_word' id='word_1_12' title='bbox 564 668 693 729; x_wconf 92' lang='lat' dir='ltr'>quo</span> <span class='ocrx_word' id='word_1_13' title='bbox 749 658 1037 728; x_wconf 88' lang='lat' dir='ltr'>tempore</span> <span class='ocrx_word' id='word_1_14' title='bbox 1092 647 1325 707; x_wconf 89' lang='lat' dir='ltr'>inserto</span> <span class='ocrx_word' id='word_1_15' title='bbox 1383 653 1504 706; x_wconf 82' lang='lat' dir='ltr'>aut</span> <span class='ocrx_word' id='word_1_16' title='bbox 1554 646 2058 709; x_wconf 87' lang='lat' dir='ltr'>succurrendum</span> <span class='ocrx_word' id='word_1_17' title='bbox 2122 650 2365 729; x_wconf 86' lang='lat' dir='ltr'>putavi,</span> 
     </span>
     <span class='ocr_line' id='line_1_4' title="bbox 147 776 2363 861; baseline -0.002 -17"><span class='ocrx_word' id='word_1_18' title='bbox 147 800 402 844; x_wconf 88' lang='lat' dir='ltr'>omnem</span> <span class='ocrx_word' id='word_1_19' title='bbox 454 782 664 861; x_wconf 86' lang='lat' dir='ltr'>legem</span> <span class='ocrx_word' id='word_1_20' title='bbox 712 779 878 841; x_wconf 88' lang='lat' dir='ltr'>illam</span> <span class='ocrx_word' id='word_1_21' title='bbox 927 776 1196 838; x_wconf 90' lang='lat' dir='ltr'>nondum</span> <span class='ocrx_word' id='word_1_22' title='bbox 1242 777 1814 859; x_wconf 82' lang='lat' dir='ltr'>investigaveram.</span> <span class='ocrx_word' id='word_1_23' title='bbox 1903 777 2210 840; x_wconf 74' lang='lat' dir='ltr'><strong>Dubitare</strong></span> <span class='ocrx_word' id='word_1_24' title='bbox 2255 790 2363 840; x_wconf 86' lang='lat' dir='ltr'><strong>ta-</strong></span> 
     </span>
     <span class='ocr_line' id='line_1_5' title="bbox 148 909 2369 995; baseline -0.001 -19"><span class='ocrx_word' id='word_1_25' title='bbox 148 935 295 977; x_wconf 91' lang='lat' dir='ltr'>men</span> <span class='ocrx_word' id='word_1_26' title='bbox 340 932 534 995; x_wconf 89' lang='lat' dir='ltr'><strong>qnam</strong></span> <span class='ocrx_word' id='word_1_27' title='bbox 584 915 923 995; x_wconf 88' lang='lat' dir='ltr'>quicquam</span> <span class='ocrx_word' id='word_1_28' title='bbox 967 911 1388 974; x_wconf 79' lang='lat' dir='ltr'>confidentius</span> <span class='ocrx_word' id='word_1_29' title='bbox 1433 911 1754 972; x_wconf 77' lang='lat' dir='ltr'>affirmare</span> <span class='ocrx_word' id='word_1_30' title='bbox 1786 909 1867 971; x_wconf 90' lang='lat' dir='ltr'>de</span> <span class='ocrx_word' id='word_1_31' title='bbox 1897 909 2210 992; x_wconf 85' lang='lat' dir='ltr'>producta</span> <span class='ocrx_word' id='word_1_32' title='bbox 2251 914 2369 974; x_wconf 75' lang='lat' dir='ltr'>dat</span> 
     </span>
     <span class='ocr_line' id='line_1_6' title="bbox 146 1042 2367 1125; baseline -0 -17"><span class='ocrx_word' id='word_1_33' title='bbox 146 1047 354 1108; x_wconf 75' lang='lat' dir='ltr'>forma</span> <span class='ocrx_word' id='word_1_34' title='bbox 401 1046 787 1125; x_wconf 76' lang='lat' dir='ltr'><strong>praestabit:</strong></span> <span class='ocrx_word' id='word_1_35' title='bbox 832 1045 1019 1105; x_wconf 90' lang='lat' dir='ltr'>cuius</span> <span class='ocrx_word' id='word_1_36' title='bbox 1063 1046 1183 1106; x_wconf 88' lang='lat' dir='ltr'>etsi</span> <span class='ocrx_word' id='word_1_37' title='bbox 1239 1063 1427 1106; x_wconf 89' lang='lat' dir='ltr'>unum</span> <span class='ocrx_word' id='word_1_38' title='bbox 1474 1044 1836 1124; x_wconf 82' lang='lat' dir='ltr'>exemplum</span> <span class='ocrx_word' id='word_1_39' title='bbox 1881 1044 2019 1106; x_wconf 83' lang='lat' dir='ltr'><strong>libri</strong></span> <span class='ocrx_word' id='word_1_40' title='bbox 2062 1042 2227 1107; x_wconf 81' lang='lat' dir='ltr'>Rud.</span> <span class='ocrx_word' id='word_1_41' title='bbox 2271 1062 2367 1124; x_wconf 76' lang='lat' dir='ltr'>lv,</span> 
     </span>
     <span class='ocr_line' id='line_1_7' title="bbox 150 1174 2364 1258; baseline 0 -20"><span class='ocrx_word' id='word_1_42' title='bbox 150 1178 205 1255; x_wconf 79' lang='lat' dir='ltr'>l,</span> <span class='ocrx_word' id='word_1_43' title='bbox 245 1182 293 1240; x_wconf 70' lang='lat'>9</span> <span class='ocrx_word' id='word_1_44' title='bbox 337 1177 684 1258; x_wconf 78' lang='lat' dir='ltr'><strong>praebent,</strong></span> <span class='ocrx_word' id='word_1_45' title='bbox 740 1176 822 1237; x_wconf 89' lang='lat' dir='ltr'>de</span> <span class='ocrx_word' id='word_1_46' title='bbox 866 1195 989 1256; x_wconf 86' lang='lat' dir='ltr'>quo</span> <span class='ocrx_word' id='word_1_47' title='bbox 1034 1176 1093 1236; x_wconf 89' lang='lat' dir='ltr'>in</span> <span class='ocrx_word' id='word_1_48' title='bbox 1141 1177 1444 1256; x_wconf 80' lang='lat' dir='ltr'>Parergis</span> <span class='ocrx_word' id='word_1_49' title='bbox 1487 1176 1726 1238; x_wconf 87' lang='lat' dir='ltr'>dictum</span> <span class='ocrx_word' id='word_1_50' title='bbox 1766 1185 1813 1236; x_wconf 91' lang='lat' dir='ltr'>t.</span> <span class='ocrx_word' id='word_1_51' title='bbox 1853 1194 1896 1238; x_wconf 88' lang='lat'>1.</span> <span class='ocrx_word' id='word_1_52' title='bbox 1942 1194 2002 1256; x_wconf 88' lang='lat' dir='ltr'>p.</span> <span class='ocrx_word' id='word_1_53' title='bbox 2047 1174 2214 1256; x_wconf 81' lang='lat'><strong>430,</strong></span> <span class='ocrx_word' id='word_1_54' title='bbox 2261 1178 2364 1238; x_wconf 89' lang='lat' dir='ltr'><strong>al-</strong></span> 
     </span>
     <span class='ocr_line' id='line_1_8' title="bbox 145 1307 2365 1391; baseline 0 -17"><span class='ocrx_word' id='word_1_55' title='bbox 145 1324 395 1390; x_wconf 85' lang='lat' dir='ltr'>terum,</span> <span class='ocrx_word' id='word_1_56' title='bbox 441 1308 560 1371; x_wconf 91' lang='lat' dir='ltr'>sed</span> <span class='ocrx_word' id='word_1_57' title='bbox 608 1308 669 1369; x_wconf 89' lang='lat' dir='ltr'>id</span> <span class='ocrx_word' id='word_1_58' title='bbox 720 1328 847 1370; x_wconf 90' lang='lat' dir='ltr'>non</span> <span class='ocrx_word' id='word_1_59' title='bbox 887 1327 1012 1370; x_wconf 89' lang='lat' dir='ltr'>uno</span> <span class='ocrx_word' id='word_1_60' title='bbox 1055 1307 1311 1370; x_wconf 82' lang='lat' dir='ltr'>nomine</span> <span class='ocrx_word' id='word_1_61' title='bbox 1352 1308 1759 1391; x_wconf 83' lang='lat' dir='ltr'>ambiguum,</span> <span class='ocrx_word' id='word_1_62' title='bbox 1820 1310 2132 1391; x_wconf 84' lang='lat' dir='ltr'>prolatum</span> <span class='ocrx_word' id='word_1_63' title='bbox 2179 1320 2281 1373; x_wconf 89' lang='lat' dir='ltr'>est</span> <span class='ocrx_word' id='word_1_64' title='bbox 2324 1331 2365 1374; x_wconf 92' lang='lat' dir='ltr'>e</span> 
     </span>
     <span class='ocr_line' id='line_1_9' title="bbox 149 1439 773 1521; baseline -0.006 -17"><span class='ocrx_word' id='word_1_65' title='bbox 149 1444 350 1505; x_wconf 74' lang='lat' dir='ltr'>Most.</span> <span class='ocrx_word' id='word_1_66' title='bbox 398 1459 503 1520; x_wconf 80' lang='grc' dir='ltr'>ιιι,</span> <span class='ocrx_word' id='word_1_67' title='bbox 555 1440 613 1521; x_wconf 86' lang='lat'>1,</span> <span class='ocrx_word' id='word_1_68' title='bbox 655 1439 773 1501; x_wconf 76' lang='lat'>72:</span> 
     </span>
    </p>

    <p class='ocr_par' dir='ltr' id='par_1_3' title="bbox 145 1570 2375 4072">
     <span class='ocr_line' id='line_1_10' title="bbox 317 1570 2272 1664; baseline 0.002 -29"><span class='ocrx_word' id='word_1_69' title='bbox 317 1571 642 1635; x_wconf 75' lang='lat' dir='ltr'>Molestus</span> <span class='ocrx_word' id='word_1_70' title='bbox 683 1592 764 1634; x_wconf 92' lang='lat' dir='ltr'>ne</span> <span class='ocrx_word' id='word_1_71' title='bbox 808 1574 929 1634; x_wconf 86' lang='lat' dir='ltr'>sis:</span> <span class='ocrx_word' id='word_1_72' title='bbox 975 1570 1164 1635; x_wconf 73' lang='lat' dir='ltr'>nemo</span> <span class='ocrx_word' id='word_1_73' title='bbox 1212 1572 1356 1634; x_wconf 86' lang='lat' dir='ltr'>dat:</span> <span class='ocrx_word' id='word_1_74' title='bbox 1403 1593 1532 1657; x_wconf 86' lang='lat' dir='ltr'>age</span> <span class='ocrx_word' id='word_1_75' title='bbox 1575 1573 1747 1655; x_wconf 78' lang='lat' dir='ltr'>qudd</span> <span class='ocrx_word' id='word_1_76' title='bbox 1793 1577 2001 1639; x_wconf 80' lang='lat' dir='ltr'>lubet:</span> <span class='ocrx_word' id='word_1_77' title='bbox 2271 1661 2272 1664; x_wconf 8' lang='grc' dir='ltr'><strong>Ἴ</strong></span> 
     </span>
     <span class='ocr_line' id='line_1_11' title="bbox 148 1706 2365 1792; baseline 0.002 -25"><span class='ocrx_word' id='word_1_78' title='bbox 148 1716 362 1767; x_wconf 88' lang='lat' dir='ltr'>tamen</span> <span class='ocrx_word' id='word_1_79' title='bbox 404 1706 625 1766; x_wconf 88' lang='lat' dir='ltr'>brevis</span> <span class='ocrx_word' id='word_1_80' title='bbox 670 1707 729 1765; x_wconf 90' lang='lat' dir='ltr'>iu</span> <span class='ocrx_word' id='word_1_81' title='bbox 775 1709 930 1766; x_wconf 82' lang='lat' dir='ltr'>dare</span> <span class='ocrx_word' id='word_1_82' title='bbox 969 1708 1196 1767; x_wconf 71' lang='lat' dir='ltr'>damus</span> <span class='ocrx_word' id='word_1_83' title='bbox 1238 1708 1416 1768; x_wconf 74' lang='lat' dir='ltr'>datis</span> <span class='ocrx_word' id='word_1_84' title='bbox 1459 1709 1706 1769; x_wconf 84' lang='lat' dir='ltr'>vocalis</span> <span class='ocrx_word' id='word_1_85' title='bbox 1740 1709 1894 1772; x_wconf 82' lang='lat' dir='ltr'>facit</span> <span class='ocrx_word' id='word_1_86' title='bbox 1920 1721 1985 1773; x_wconf 91' lang='lat' dir='ltr'>ut</span> <span class='ocrx_word' id='word_1_87' title='bbox 2009 1718 2113 1772; x_wconf 86' lang='lat' dir='ltr'><strong>sat</strong></span> <span class='ocrx_word' id='word_1_88' title='bbox 2142 1710 2365 1792; x_wconf 85' lang='lat' dir='ltr'>gravis</span> 
     </span>
     <span class='ocr_line' id='line_1_12' title="bbox 157 1838 2365 1924; baseline 0.005 -26"><span class='ocrx_word' id='word_1_89' title='bbox 157 1838 501 1918; x_wconf 87' lang='lat' dir='ltr'>serupulus</span> <span class='ocrx_word' id='word_1_90' title='bbox 544 1839 751 1899; x_wconf 91' lang='lat' dir='ltr'>auimo</span> <span class='ocrx_word' id='word_1_91' title='bbox 798 1838 1106 1919; x_wconf 84' lang='lat' dir='ltr'>insideat,</span> <span class='ocrx_word' id='word_1_92' title='bbox 1151 1858 1510 1922; x_wconf 81' lang='lat' dir='ltr'><strong>quanquam</strong></span> <span class='ocrx_word' id='word_1_93' title='bbox 1558 1861 1683 1904; x_wconf 91' lang='lat' dir='ltr'>non</span> <span class='ocrx_word' id='word_1_94' title='bbox 1735 1843 2017 1924; x_wconf 82' lang='lat' dir='ltr'>impediit</span> <span class='ocrx_word' id='word_1_95' title='bbox 2059 1845 2161 1908; x_wconf 87' lang='lat' dir='ltr'>illa</span> <span class='ocrx_word' id='word_1_96' title='bbox 2203 1865 2365 1909; x_wconf 86' lang='lat' dir='ltr'><strong>sane</strong></span> 
     </span>
     <span class='ocr_line' id='line_1_13' title="bbox 149 1955 2365 2058; baseline 0.004 -24"><span class='ocrx_word' id='word_1_97' title='bbox 149 1973 490 2055; x_wconf 81' lang='lat' dir='ltr'>quominus</span> <span class='ocrx_word' id='word_1_98' title='bbox 522 1980 587 2032; x_wconf 86' lang='lat' dir='ltr'>et</span> <span class='ocrx_word' id='word_1_99' title='bbox 612 1975 733 2034; x_wconf 71' lang='lat' dir='ltr'>doe</span> <span class='ocrx_word' id='word_1_100' title='bbox 767 1981 833 2034; x_wconf 89' lang='lat' dir='ltr'>et</span> <span class='ocrx_word' id='word_1_101' title='bbox 866 1977 974 2034; x_wconf 71' lang='lat' dir='ltr'>«let</span> <span class='ocrx_word' id='word_1_102' title='bbox 1014 1973 1488 2053; x_wconf 76' lang='lat' dir='ltr'>produceretur.</span> <span class='ocrx_word' id='word_1_103' title='bbox 1581 1975 1714 2037; x_wconf 85' lang='lat' dir='ltr'>Sed</span> <span class='ocrx_word' id='word_1_104' title='bbox 1760 1996 1926 2058; x_wconf 90' lang='lat' dir='ltr'><strong>quae</strong></span> <span class='ocrx_word' id='word_1_105' title='bbox 1973 1955 2053 2043; x_wconf 78' lang='lat' dir='ltr'>ue</span> <span class='ocrx_word' id='word_1_106' title='bbox 2099 1980 2365 2043; x_wconf 85' lang='lat' dir='ltr'>rationis</span> 
     </span>
     <span class='ocr_line' id='line_1_14' title="bbox 153 2106 2369 2189; baseline 0.005 -23"><span class='ocrx_word' id='word_1_107' title='bbox 153 2106 411 2189; x_wconf 89' lang='lat' dir='ltr'>quidem</span> <span class='ocrx_word' id='word_1_108' title='bbox 462 2106 777 2168; x_wconf 89' lang='lat' dir='ltr'>societate</span> <span class='ocrx_word' id='word_1_109' title='bbox 822 2109 948 2169; x_wconf 87' lang='lat' dir='ltr'>ulla</span> <span class='ocrx_word' id='word_1_110' title='bbox 991 2124 1135 2169; x_wconf 90' lang='lat' dir='ltr'>cum</span> <span class='ocrx_word' id='word_1_111' title='bbox 1182 2108 1499 2188; x_wconf 85' lang='lat' dir='ltr'>exemplis</span> <span class='ocrx_word' id='word_1_112' title='bbox 1563 2107 1772 2171; x_wconf 84' lang='lat' dir='ltr'>adhuc</span> <span class='ocrx_word' id='word_1_113' title='bbox 1815 2113 2107 2174; x_wconf 87' lang='lat' dir='ltr'>tractatis</span> <span class='ocrx_word' id='word_1_114' title='bbox 2154 2116 2369 2177; x_wconf 86' lang='lat' dir='ltr'>conti-</span> 
     </span>
     <span class='ocr_line' id='line_1_15' title="bbox 145 2239 2364 2330; baseline 0.004 -28"><span class='ocrx_word' id='word_1_115' title='bbox 145 2249 400 2320; x_wconf 82' lang='lat' dir='ltr'>nentur,</span> <span class='ocrx_word' id='word_1_116' title='bbox 452 2258 529 2301; x_wconf 90' lang='lat' dir='ltr'>ea</span> <span class='ocrx_word' id='word_1_117' title='bbox 575 2240 701 2302; x_wconf 88' lang='lat' dir='ltr'>noli</span> <span class='ocrx_word' id='word_1_118' title='bbox 748 2242 853 2302; x_wconf 87' lang='lat' dir='ltr'>vel</span> <span class='ocrx_word' id='word_1_119' title='bbox 897 2239 1245 2302; x_wconf 80' lang='lat' dir='ltr'><strong>defendere</strong></span> <span class='ocrx_word' id='word_1_120' title='bbox 1289 2242 1395 2302; x_wconf 90' lang='lat' dir='ltr'>vel</span> <span class='ocrx_word' id='word_1_121' title='bbox 1445 2259 1784 2305; x_wconf 87' lang='lat' dir='ltr'>excusare.</span> <span class='ocrx_word' id='word_1_122' title='bbox 1886 2247 2114 2328; x_wconf 86' lang='lat' dir='ltr'><strong>Apage</strong></span> <span class='ocrx_word' id='word_1_123' title='bbox 2173 2249 2364 2330; x_wconf 87' lang='lat' dir='ltr'>igitur</span> 
     </span>
     <span class='ocr_line' id='line_1_16' title="bbox 156 2355 2369 2464; baseline 0.003 -29"><span class='ocrx_word' id='word_1_124' title='bbox 156 2358 453 2435; x_wconf 51' lang='lat' dir='ltr'>uendidit</span> <span class='ocrx_word' id='word_1_125' title='bbox 495 2355 739 2434; x_wconf 50' lang='lat' dir='ltr'>venibit</span> <span class='ocrx_word' id='word_1_126' title='bbox 791 2355 958 2433; x_wconf 59' lang='lat' dir='ltr'>uidit</span> <span class='ocrx_word' id='word_1_127' title='bbox 1013 2356 1291 2451; x_wconf 54' lang='lat' dir='ltr'>percipit</span> <span class='ocrx_word' id='word_1_128' title='bbox 1343 2360 1562 2451; x_wconf 50' lang='lat' dir='ltr'>obtigit</span> <span class='ocrx_word' id='word_1_129' title='bbox 1613 2363 1900 2438; x_wconf 58' lang='lat' dir='ltr'>seruch-tt</span> <span class='ocrx_word' id='word_1_130' title='bbox 1957 2384 2023 2436; x_wconf 87' lang='lat' dir='ltr'>et</span> <span class='ocrx_word' id='word_1_131' title='bbox 2084 2377 2140 2438; x_wconf 88' lang='lat' dir='ltr'>si</span> <span class='ocrx_word' id='word_1_132' title='bbox 2206 2398 2369 2464; x_wconf 88' lang='lat' dir='ltr'><strong>quae</strong></span> 
     </span>
     <span class='ocr_line' id='line_1_17' title="bbox 147 2506 2367 2587; baseline 0.004 -20"><span class='ocrx_word' id='word_1_133' title='bbox 147 2515 297 2568; x_wconf 89' lang='lat' dir='ltr'>sunt</span> <span class='ocrx_word' id='word_1_134' title='bbox 335 2509 591 2569; x_wconf 84' lang='lat' dir='ltr'>similia.</span> <span class='ocrx_word' id='word_1_135' title='bbox 639 2506 785 2569; x_wconf 89' lang='lat' dir='ltr'>Nec</span> <span class='ocrx_word' id='word_1_136' title='bbox 830 2511 995 2569; x_wconf 90' lang='lat' dir='ltr'>enim</span> <span class='ocrx_word' id='word_1_137' title='bbox 1042 2508 1308 2587; x_wconf 76' lang='lat' dir='ltr'>arsia,</span> <span class='ocrx_word' id='word_1_138' title='bbox 1355 2511 1541 2570; x_wconf 87' lang='lat' dir='ltr'>cuius</span> <span class='ocrx_word' id='word_1_139' title='bbox 1586 2511 1646 2572; x_wconf 91' lang='lat' dir='ltr'>in</span> <span class='ocrx_word' id='word_1_140' title='bbox 1692 2512 1817 2573; x_wconf 90' lang='lat' dir='ltr'>hac</span> <span class='ocrx_word' id='word_1_141' title='bbox 1864 2528 2104 2572; x_wconf 78' lang='lat' dir='ltr'>caussa</span> <span class='ocrx_word' id='word_1_142' title='bbox 2148 2514 2367 2575; x_wconf 87' lang='lat' dir='ltr'>iactari</span> 
     </span>
     <span class='ocr_line' id='line_1_18' title="bbox 149 2640 2368 2725; baseline 0.002 -21"><span class='ocrx_word' id='word_1_143' title='bbox 149 2652 446 2725; x_wconf 88' lang='lat' dir='ltr'>potestas</span> <span class='ocrx_word' id='word_1_144' title='bbox 489 2644 679 2723; x_wconf 90' lang='lat' dir='ltr'>solet,</span> <span class='ocrx_word' id='word_1_145' title='bbox 728 2643 918 2704; x_wconf 86' lang='lat' dir='ltr'>ullam</span> <span class='ocrx_word' id='word_1_146' title='bbox 967 2642 1047 2704; x_wconf 91' lang='lat' dir='ltr'>ad</span> <span class='ocrx_word' id='word_1_147' title='bbox 1095 2640 1573 2722; x_wconf 87' lang='lat' dir='ltr'>producendum</span> <span class='ocrx_word' id='word_1_148' title='bbox 1619 2644 1749 2704; x_wconf 84' lang='lat' dir='ltr'>vim</span> <span class='ocrx_word' id='word_1_149' title='bbox 1797 2642 2015 2706; x_wconf 92' lang='lat' dir='ltr'>habuit</span> <span class='ocrx_word' id='word_1_150' title='bbox 2059 2646 2119 2707; x_wconf 92' lang='lat' dir='ltr'>in</span> <span class='ocrx_word' id='word_1_151' title='bbox 2168 2648 2368 2709; x_wconf 88' lang='lat' dir='ltr'><strong>Plau-</strong></span> 
     </span>
     <span class='ocr_line' id='line_1_19' title="bbox 150 2775 2371 2862; baseline 0.003 -26"><span class='ocrx_word' id='word_1_152' title='bbox 150 2779 297 2839; x_wconf 81' lang='lat' dir='ltr'>tinis</span> <span class='ocrx_word' id='word_1_153' title='bbox 361 2777 670 2837; x_wconf 84' lang='lat' dir='ltr'>versibus</span> <span class='ocrx_word' id='word_1_154' title='bbox 735 2776 1066 2858; x_wconf 89' lang='lat' dir='ltr'>veterique</span> <span class='ocrx_word' id='word_1_155' title='bbox 1130 2777 1499 2837; x_wconf 78' lang='lat' dir='ltr'>Latinorum</span> <span class='ocrx_word' id='word_1_156' title='bbox 1567 2775 1746 2858; x_wconf 86' lang='lat' dir='ltr'>poesi</span> <span class='ocrx_word' id='word_1_157' title='bbox 1822 2780 2165 2862; x_wconf 85' lang='lat' dir='ltr'>universa,</span> <span class='ocrx_word' id='word_1_158' title='bbox 2246 2799 2371 2843; x_wconf 87' lang='lat' dir='ltr'>nec</span> 
     </span>
     <span class='ocr_line' id='line_1_20' title="bbox 150 2911 2364 2997; baseline 0 -20"><span class='ocrx_word' id='word_1_159' title='bbox 150 2921 404 2980; x_wconf 88' lang='lat' dir='ltr'>omnino</span> <span class='ocrx_word' id='word_1_160' title='bbox 454 2920 580 2979; x_wconf 84' lang='lat' dir='ltr'>tale</span> <span class='ocrx_word' id='word_1_161' title='bbox 623 2915 769 2997; x_wconf 87' lang='lat' dir='ltr'>quid</span> <span class='ocrx_word' id='word_1_162' title='bbox 818 2934 1090 2996; x_wconf 85' lang='lat' dir='ltr'><strong>unquam</strong></span> <span class='ocrx_word' id='word_1_163' title='bbox 1139 2914 1257 2976; x_wconf 90' lang='lat' dir='ltr'>nisi</span> <span class='ocrx_word' id='word_1_164' title='bbox 1303 2914 1398 2975; x_wconf 89' lang='lat' dir='ltr'>eis</span> <span class='ocrx_word' id='word_1_165' title='bbox 1437 2911 1916 2976; x_wconf 81' lang='lat' dir='ltr'>condicionibus</span> <span class='ocrx_word' id='word_1_166' title='bbox 1950 2914 2185 2979; x_wconf 78' lang='lat' dir='ltr'>factum</span> <span class='ocrx_word' id='word_1_167' title='bbox 2233 2924 2364 2996; x_wconf 88' lang='lat' dir='ltr'>est,</span> 
     </span>
     <span class='ocr_line' id='line_1_21' title="bbox 150 3049 2360 3135; baseline -0.001 -22"><span class='ocrx_word' id='word_1_168' title='bbox 150 3056 377 3135; x_wconf 85' lang='lat' dir='ltr'>quibus</span> <span class='ocrx_word' id='word_1_169' title='bbox 426 3053 596 3117; x_wconf 88' lang='lat' dir='ltr'>lienit</span> <span class='ocrx_word' id='word_1_170' title='bbox 642 3061 704 3114; x_wconf 90' lang='lat' dir='ltr'>et</span> <span class='ocrx_word' id='word_1_171' title='bbox 748 3052 1092 3135; x_wconf 84' lang='lat' dir='ltr'>quamlibet</span> <span class='ocrx_word' id='word_1_172' title='bbox 1136 3050 1409 3112; x_wconf 85' lang='lat' dir='ltr'>brevem</span> <span class='ocrx_word' id='word_1_173' title='bbox 1444 3050 1756 3131; x_wconf 82' lang='lat' dir='ltr'>syllabam</span> <span class='ocrx_word' id='word_1_174' title='bbox 1801 3067 1914 3131; x_wconf 91' lang='lat' dir='ltr'>pro</span> <span class='ocrx_word' id='word_1_175' title='bbox 1959 3052 2154 3131; x_wconf 82' lang='lat' dir='ltr'>longa</span> <span class='ocrx_word' id='word_1_176' title='bbox 2195 3049 2360 3111; x_wconf 87' lang='lat' dir='ltr'><strong>sub-</strong></span> 
     </span>
     <span class='ocr_line' id='line_1_22' title="bbox 150 3183 2367 3267; baseline -0.001 -20"><span class='ocrx_word' id='word_1_177' title='bbox 150 3189 424 3250; x_wconf 87' lang='lat' dir='ltr'>stituere</span> <span class='ocrx_word' id='word_1_178' title='bbox 470 3197 535 3249; x_wconf 88' lang='lat' dir='ltr'>et</span> <span class='ocrx_word' id='word_1_179' title='bbox 578 3187 948 3267; x_wconf 81' lang='lat' dir='ltr'>plerumque</span> <span class='ocrx_word' id='word_1_180' title='bbox 1010 3188 1202 3247; x_wconf 90' lang='lat' dir='ltr'>etiam</span> <span class='ocrx_word' id='word_1_181' title='bbox 1251 3185 1489 3247; x_wconf 85' lang='lat' dir='ltr'>hiatum</span> <span class='ocrx_word' id='word_1_182' title='bbox 1534 3184 1870 3247; x_wconf 85' lang='lat' dir='ltr'>admittere</span> <span class='ocrx_word' id='word_1_183' title='bbox 1912 3183 1971 3246; x_wconf 91' lang='lat' dir='ltr'>h.</span> <span class='ocrx_word' id='word_1_184' title='bbox 2016 3202 2071 3246; x_wconf 90' lang='lat' dir='ltr'>e.</span> <span class='ocrx_word' id='word_1_185' title='bbox 2117 3202 2261 3246; x_wconf 89' lang='lat' dir='ltr'>cum</span> <span class='ocrx_word' id='word_1_186' title='bbox 2304 3185 2367 3245; x_wconf 88' lang='lat' dir='ltr'>in</span> 
     </span>
     <span class='ocr_line' id='line_1_23' title="bbox 148 3318 2375 3399; baseline -0.001 -18"><span class='ocrx_word' id='word_1_187' title='bbox 148 3322 377 3383; x_wconf 84' lang='lat' dir='ltr'>mediis</span> <span class='ocrx_word' id='word_1_188' title='bbox 409 3319 796 3381; x_wconf 87' lang='lat' dir='ltr'>tetrametris</span> <span class='ocrx_word' id='word_1_189' title='bbox 826 3318 1113 3381; x_wconf 88' lang='lat' dir='ltr'>iambicis</span> <span class='ocrx_word' id='word_1_190' title='bbox 1141 3328 1204 3380; x_wconf 92' lang='lat' dir='ltr'>et</span> <span class='ocrx_word' id='word_1_191' title='bbox 1234 3319 1690 3399; x_wconf 75' lang='lat' dir='ltr'>anapaesticiS,</span> <span class='ocrx_word' id='word_1_192' title='bbox 1729 3321 1881 3379; x_wconf 85' lang='lat' dir='ltr'>item</span> <span class='ocrx_word' id='word_1_193' title='bbox 1910 3318 1969 3377; x_wconf 91' lang='lat' dir='ltr'>in</span> <span class='ocrx_word' id='word_1_194' title='bbox 2006 3318 2263 3379; x_wconf 82' lang='lat' dir='ltr'>creticis</span> <span class='ocrx_word' id='word_1_195' title='bbox 2280 3323 2375 3394; x_wconf 59' lang='lat'>⁴),</span> 
     </span>
     <span class='ocr_line' id='line_1_24' title="bbox 148 3453 2372 3536; baseline 0.001 -22"><span class='ocrx_word' id='word_1_196' title='bbox 148 3463 275 3516; x_wconf 89' lang='lat' dir='ltr'>tum</span> <span class='ocrx_word' id='word_1_197' title='bbox 332 3457 702 3536; x_wconf 86' lang='lat' dir='ltr'>ubicunque</span> <span class='ocrx_word' id='word_1_198' title='bbox 767 3455 989 3515; x_wconf 83' lang='lat' dir='ltr'>fortior</span> <span class='ocrx_word' id='word_1_199' title='bbox 1052 3456 1475 3535; x_wconf 85' lang='lat' dir='ltr'>interpunctio</span> <span class='ocrx_word' id='word_1_200' title='bbox 1532 3460 1688 3536; x_wconf 84' lang='lat' dir='ltr'>(quo</span> <span class='ocrx_word' id='word_1_201' title='bbox 1747 3463 1963 3535; x_wconf 87' lang='lat' dir='ltr'>potest</span> <span class='ocrx_word' id='word_1_202' title='bbox 2010 3453 2200 3517; x_wconf 89' lang='lat' dir='ltr'>etiam</span> <span class='ocrx_word' id='word_1_203' title='bbox 2248 3474 2372 3516; x_wconf 88' lang='lat' dir='ltr'>ex-</span> 
     </span>
     <span class='ocr_line' id='line_1_25' title="bbox 149 3564 2374 3673; baseline 0.002 -24"><span class='ocrx_word' id='word_1_204' title='bbox 149 3588 448 3651; x_wconf 82' lang='lat' dir='ltr'>clamatio</span> <span class='ocrx_word' id='word_1_205' title='bbox 494 3564 859 3668; x_wconf 37' lang='lat' dir='ltr'>pertinereJ</span> <span class='ocrx_word' id='word_1_206' title='bbox 883 3590 998 3651; x_wconf 84' lang='lat' dir='ltr'>sed</span> <span class='ocrx_word' id='word_1_207' title='bbox 1033 3609 1430 3671; x_wconf 85' lang='lat' dir='ltr'><strong>nequaquam</strong></span> <span class='ocrx_word' id='word_1_208' title='bbox 1465 3590 1783 3673; x_wconf 85' lang='lat' dir='ltr'>quaelibet</span> <span class='ocrx_word' id='word_1_209' title='bbox 1811 3591 2195 3653; x_wconf 86' lang='lat' dir='ltr'>exclamatio</span> <span class='ocrx_word' id='word_1_210' title='bbox 2221 3612 2374 3673; x_wconf 85' lang='lat' dir='ltr'>per-</span> 
     </span>
     <span class='ocr_line' id='line_1_26' title="bbox 148 3724 2373 3806; baseline 0.002 -24"><span class='ocrx_word' id='word_1_211' title='bbox 148 3724 378 3802; x_wconf 85' lang='lat' dir='ltr'>tinet),</span> <span class='ocrx_word' id='word_1_212' title='bbox 452 3728 828 3803; x_wconf 87' lang='lat' dir='ltr'>praesertim</span> <span class='ocrx_word' id='word_1_213' title='bbox 898 3743 1039 3787; x_wconf 91' lang='lat' dir='ltr'>cum</span> <span class='ocrx_word' id='word_1_214' title='bbox 1108 3744 1517 3806; x_wconf 85' lang='lat' dir='ltr'>personarum</span> <span class='ocrx_word' id='word_1_215' title='bbox 1584 3730 1940 3789; x_wconf 88' lang='lat' dir='ltr'>mutatione</span> <span class='ocrx_word' id='word_1_216' title='bbox 2004 3729 2373 3805; x_wconf 81' lang='lat' dir='ltr'>coniuncta,</span> 
     </span>
     <span class='ocr_line' id='line_1_27' title="bbox 145 3856 2369 3941; baseline 0 -24"><span class='ocrx_word' id='word_1_217' title='bbox 145 3877 421 3936; x_wconf 84' lang='lat' dir='ltr'><strong>pausam</strong></span> <span class='ocrx_word' id='word_1_218' title='bbox 468 3856 601 3919; x_wconf 77' lang='lat' dir='ltr'>lieri</span> <span class='ocrx_word' id='word_1_219' title='bbox 649 3859 1086 3939; x_wconf 86' lang='lat' dir='ltr'>pronuntiandi</span> <span class='ocrx_word' id='word_1_220' title='bbox 1131 3862 1274 3921; x_wconf 85' lang='lat' dir='ltr'>sive</span> <span class='ocrx_word' id='word_1_221' title='bbox 1314 3861 1490 3923; x_wconf 86' lang='lat' dir='ltr'>iubet</span> <span class='ocrx_word' id='word_1_222' title='bbox 1526 3861 1668 3923; x_wconf 84' lang='lat' dir='ltr'>sive</span> <span class='ocrx_word' id='word_1_223' title='bbox 1711 3864 1961 3941; x_wconf 87' lang='lat' dir='ltr'>patitur.</span> <span class='ocrx_word' id='word_1_224' title='bbox 2029 3856 2220 3918; x_wconf 89' lang='lat' dir='ltr'>Vnde</span> <span class='ocrx_word' id='word_1_225' title='bbox 2269 3858 2369 3918; x_wconf 91' lang='lat' dir='ltr'>in-</span> 
     </span>
     <span class='ocr_line' id='line_1_28' title="bbox 149 3991 2371 4072; baseline 0 -23"><span class='ocrx_word' id='word_1_226' title='bbox 149 3991 460 4072; x_wconf 84' lang='lat' dir='ltr'>telligitur</span> <span class='ocrx_word' id='word_1_227' title='bbox 512 4008 635 4051; x_wconf 91' lang='lat' dir='ltr'>non</span> <span class='ocrx_word' id='word_1_228' title='bbox 696 3999 823 4052; x_wconf 91' lang='lat' dir='ltr'>tam</span> <span class='ocrx_word' id='word_1_229' title='bbox 883 3992 963 4052; x_wconf 91' lang='lat' dir='ltr'>ad</span> <span class='ocrx_word' id='word_1_230' title='bbox 1023 3993 1464 4072; x_wconf 88' lang='lat' dir='ltr'>prosodiacam</span> <span class='ocrx_word' id='word_1_231' title='bbox 1514 3993 1858 4055; x_wconf 87' lang='lat' dir='ltr'>doctrinam</span> <span class='ocrx_word' id='word_1_232' title='bbox 1906 3992 2030 4051; x_wconf 90' lang='lat' dir='ltr'>hoc</span> <span class='ocrx_word' id='word_1_233' title='bbox 2074 3997 2371 4067; x_wconf 87' lang='lat' dir='ltr'>spectare</span> 
     </span>
    </p>
   </div>
   <div class='ocr_carea' id='block_1_3' title="bbox 150 4126 2290 4208">
    <p class='ocr_par' dir='ltr' id='par_1_4' title="bbox 150 4126 2290 4208">
     <span class='ocr_line' id='line_1_29' title="bbox 150 4126 2290 4208; baseline 0 -20"><span class='ocrx_word' id='word_1_234' title='bbox 150 4145 340 4207; x_wconf 82' lang='lat' dir='ltr'><strong>quam</strong></span> <span class='ocrx_word' id='word_1_235' title='bbox 387 4128 469 4188; x_wconf 88' lang='lat' dir='ltr'>ad</span> <span class='ocrx_word' id='word_1_236' title='bbox 518 4133 718 4208; x_wconf 84' lang='lat' dir='ltr'>ipsam</span> <span class='ocrx_word' id='word_1_237' title='bbox 765 4133 1113 4193; x_wconf 86' lang='lat' dir='ltr'>metricam.</span> <span class='ocrx_word' id='word_1_238' title='bbox 1202 4130 1397 4192; x_wconf 88' lang='lat' dir='ltr'>Velut</span> <span class='ocrx_word' id='word_1_239' title='bbox 1441 4129 1787 4191; x_wconf 82' lang='lat' dir='ltr'>&#39;l&#39;rinummi</span> <span class='ocrx_word' id='word_1_240' title='bbox 1833 4146 1894 4186; x_wconf 88' lang='lat' dir='ltr'>v.</span> <span class='ocrx_word' id='word_1_241' title='bbox 1940 4128 2080 4188; x_wconf 77' lang='lat'><strong>584.</strong></span> <span class='ocrx_word' id='word_1_242' title='bbox 2126 4126 2290 4188; x_wconf 75' lang='lat'><strong>586:</strong></span> 
     </span>
    </p>
   </div>
   <div class='ocr_carea' id='block_1_4' title="bbox 148 4248 604 4261">
    <p class='ocr_par' dir='ltr' id='par_1_5' title="bbox 148 4248 604 4261">
     <span class='ocr_line' id='line_1_30' title="bbox 148 4248 604 4261; baseline 0 629"><span class='ocrx_word' id='word_1_243' title='bbox 148 4248 604 4261; x_wconf 95' lang='lat' dir='ltr'> </span> 
     </span>
    </p>
   </div>
   <div class='ocr_carea' id='block_1_5' title="bbox 609 4251 761 4261">
    <p class='ocr_par' dir='ltr' id='par_1_6' title="bbox 609 4251 761 4261">
     <span class='ocr_line' id='line_1_31' title="bbox 609 4251 761 4261; baseline 0 0"><span class='ocrx_word' id='word_1_244' title='bbox 609 4251 761 4261; x_wconf 95' lang='lat' dir='ltr'> </span> 
     </span>
    </p>
   </div>
   <div class='ocr_carea' id='block_1_6' title="bbox 185 4302 2311 4372">
    <p class='ocr_par' dir='ltr' id='par_1_7' title="bbox 185 4302 2311 4372">
     <span class='ocr_line' id='line_1_32' title="bbox 185 4302 2311 4372; baseline 0.001 -18"><span class='ocrx_word' id='word_1_245' title='bbox 185 4302 246 4365; x_wconf 79' lang='grc'>*)</span> <span class='ocrx_word' id='word_1_246' title='bbox 296 4303 421 4368; x_wconf 80' lang='lat' dir='ltr'>Quo</span> <span class='ocrx_word' id='word_1_247' title='bbox 459 4306 727 4367; x_wconf 81' lang='lat' dir='ltr'>pertinent</span> <span class='ocrx_word' id='word_1_248' title='bbox 761 4310 823 4357; x_wconf 83' lang='lat' dir='ltr'>de</span> <span class='ocrx_word' id='word_1_249' title='bbox 860 4306 1003 4359; x_wconf 72' lang='lat' dir='ltr'>milei</span> <span class='ocrx_word' id='word_1_250' title='bbox 1034 4306 1134 4372; x_wconf 58' lang='grc' dir='ltr'>(ρό</span> <span class='ocrx_word' id='word_1_251' title='bbox 1172 4311 1226 4356; x_wconf 81' lang='lat' dir='ltr'>et</span> <span class='ocrx_word' id='word_1_252' title='bbox 1257 4306 1522 4357; x_wconf 78' lang='lat' dir='ltr'>similibus</span> <span class='ocrx_word' id='word_1_253' title='bbox 1557 4318 1722 4368; x_wconf 81' lang='lat' dir='ltr'><strong>supra</strong></span> <span class='ocrx_word' id='word_1_254' title='bbox 1757 4304 2029 4368; x_wconf 82' lang='lat' dir='ltr'>disputata</span> <span class='ocrx_word' id='word_1_255' title='bbox 2068 4319 2115 4370; x_wconf 85' lang='lat' dir='ltr'>p.</span> <span class='ocrx_word' id='word_1_256' title='bbox 2153 4318 2311 4357; x_wconf 67' lang='lat' dir='ltr'>ccxx.</span> 
     </span>
    </p>
   </div>
  </div>
 </body>
</html>
