2824 4890
444 348 609 413 XIV

447 533 655 615 philol.
699 530 901 595 Rhen.
945 548 986 592 a
1029 528 1385 594 Welckero
1430 526 1813 608 Naekioque
1852 524 2006 590 editi
2033 536 2078 589 t.
2108 527 2228 609 IV,
2256 547 2317 609 p.
2347 527 2471 590 177
2494 547 2644 591 ann.

445 665 651 729 attulit
715 663 1023 737 (Ioviani)
1070 661 1370 742 Pontani,
1418 662 1567 723 Ant.
1613 660 1913 743 Epicuri,
1963 663 2111 723 Aut.
2157 663 2421 743 Feltrii‚
2468 666 2651 731 loan-

447 800 772 865 Sambnci.
891 800 963 861 ln
1033 798 1220 862 tertia
1284 798 1650 860 membrana
1713 808 2091 880 argumenta
2160 799 2653 881 Amphitruonis

452 932 692 1013 scripta
732 938 882 993 sunt
922 939 988 993 et
1026 930 1272 1012 prologi
1331 949 1561 994 versus
1617 931 1798 1013 primi
1840 933 1967 1013 41,
2030 935 2093 994 in
2150 942 2386 1013 quarta
2445 934 2656 1015 ipsius

451 1065 706 1128 fabulae
755 1082 986 1127 versus
1026 1064 1107 1127 ab
1152 1065 1237 1147 11,
1288 1065 1343 1145 1,
1385 1066 1430 1128 8
1468 1064 1553 1128 ad
1598 1066 1699 1129 71.
1786 1067 1871 1131 Et
1913 1069 2036 1132 hae
2078 1068 2331 1151 quidem
2374 1070 2657 1151 Amphi-

452 1204 696 1264 truonis
740 1207 956 1281 partes
995 1198 1442 1261 membraneae
1488 1216 1632 1287 cum
1675 1199 1984 1264 subiectis
2018 1200 2282 1283 chartis,
2329 1203 2657 1285 integram

452 1336 811 1399 tenentibus
837 1355 979 1398 eam
1009 1336 1309 1417 fabulam,
1353 1332 1518 1397 adeo
1563 1343 1915 1415 congruunt
1954 1336 2144 1397 etiam
2191 1334 2552 1398 levissimis
2598 1335 2658 1396 in

456 1473 671 1553 rebus,
719 1483 785 1534 ut
825 1490 1086 1554 prorsus
1124 1491 1249 1534 non
1294 1470 1572 1535 dubitem
1605 1472 1755 1553 quin
1786 1491 1868 1533 ex
1904 1471 2154 1555 integro
2187 1470 2420 1534 codiee
2447 1492 2659 1535 mem-

453 1605 719 1685 braneo,
787 1605 973 1666 cuius
1014 1621 1264 1686 paucae
1307 1602 1592 1665 schedae
1633 1613 1938 1667 servatae
1980 1604 2138 1681 sint,
2207 1603 2346 1684 ipse
2392 1605 2664 1667 charta-

458 1757 612 1803 ceus
655 1739 739 1801 sit
782 1739 1216 1817 transcriptus.
1330 1736 1591 1817 Integre
1646 1746 1858 1798 autem
1901 1737 2311 1818 quaternione
2353 1755 2662 1820 compre·

456 1873 811 1953 prehensae
858 1872 1033 1935 fuere
1073 1891 1236 1953 quae
1277 1870 1439 1934 iuter
1485 1872 1733 1934 tertiam
1780 1879 1845 1933 et
1891 1880 2178 1952 quartam
2227 1873 2668 1936 membranam

465 2005 715 2069 mediae
768 2014 917 2067 sunt
969 2005 1444 2087 Amphitruonis
1503 2013 1739 2086 partes,
1845 2003 1977 2068 Sed
2043 2023 2210 2086 quae
2268 2006 2668 2069 Truculento

463 2138 749 2200 subiecta
794 2144 897 2200 est
956 2138 1230 2202 mendax
1288 2144 1592 2221 temporis
1651 2139 1888 2202 notatio
1944 2158 2353 2219 n.cc.x1,1u,
2418 2141 2480 2201 in
2543 2160 2671 2223 qua

466 2284 677 2338 tamen
726 2275 890 2336 erasi
948 2273 1118 2336 tertii
1165 2280 1223 2336 c
1267 2273 1509 2335 numeri
1555 2290 1680 2353 ego
1723 2272 1972 2354 quidem
2021 2273 2259 2334 nullum
2305 2275 2669 2356 vestigium

465 2401 621 2485 vidi,
668 2422 808 2467 eam
853 2422 933 2466 ne
970 2402 1109 2485 quis
1136 2401 1298 2464 forte
1323 2401 1639 2465 transisse
1665 2420 1702 2463 e
1730 2401 2133 2465 membraneo
2162 2400 2221 2462 in
2247 2399 2669 2465 chartaceum

468 2537 756 2602 codicem
800 2540 1202 2620 suspicetur,
1261 2537 1589 2600 sciendum
1636 2549 1740 2601 est
1782 2557 1991 2601 noua
2033 2557 2221 2601 manu
2263 2547 2514 2602 tantum
2564 2560 2671 2603 re-

473 2677 756 2735 centiore
799 2692 973 2754 esse,
1017 2672 1137 2736 sed
1181 2672 1368 2735 etiam
1415 2673 1626 2735 colore
1669 2672 2014 2754 pallidiore.

632 2822 715 2890 N
773 2823 1463 2886 vindobonensis
1503 2799 1636 2922 ffi-
1662 2832 1850 2887 antea
1898 2825 2448 2907 salisburgensis,
2521 2828 2677 2889 olim

473 2959 583 3038 (ut
606 2960 772 3020 Mus.
796 2957 916 3020 Rh.
945 2966 985 3018 t.
1019 2957 1107 3039 V,
1133 2977 1190 3039 p.
1227 2955 1344 3019 153
1381 2956 1773 3037 memoravi)
1819 2959 2131 3020 Matthiae
2156 2959 2415 3024 Corvini
2457 2966 2668 3046 regis,

469 3090 716 3152 saeculi
763 3089 1048 3152 eiusdem
1069 3057 1093 3168 ,Ἰ
1138 3088 1637 3151 membranarum
1683 3105 1971 3152 ccxcvn.
2016 3089 2258 3152 formae
2321 3093 2675 3173 maximae,

469 3223 794 3304 pertinens
839 3223 919 3284 ab
966 3221 1443 3304 Amphitruonis
1492 3220 1668 3281 initio
1711 3220 1794 3282 ad
1839 3220 2195 3282 'l'ruculenti
2243 3223 2360 3303 lu,
2403 3226 2466 3304 4,
2504 3227 2621 3288 54.

637 3376 729 3443 P
789 3378 856 3438 Μ
875 3378 1208 3440 edicens
1270 3376 1463 3457 plutei
1508 3393 1737 3439 xxxv1.
1795 3377 1877 3438 46
1940 3375 2000 3437 in
2053 3375 2298 3438 formae
2353 3376 2680 3440 maximae

471 3512 711 3574 chartis
759 3527 912 3575 ccv.
957 3529 1262 3574 versuum
1310 3528 1468 3573 xxx.
1514 3509 1854 3592 diligenter
1896 3510 2160 3571 saeculo
2212 3523 2324 3569 xv.
2381 3509 2675 3591 scriptas

473 3641 808 3705 duodecim
854 3644 1221 3706 comoedias
1270 3640 1661 3722 posteriores
1708 3648 1947 3703 tenens.

640 3790 727 3858 X
775 3791 1210 3854 beidensis
1258 3792 1421 3855 ‘MS
1473 3792 1612 3855 bat.
1660 3791 1823 3853 Bibl.
1873 3791 2044 3852 Publ.
2093 3791 2199 3852 ΙΨ.
2243 3792 2307 3852 δ’
2353 3793 2414 3854 in
2459 3791 2683 3855 nitidis

471 3924 713 3985 formae
757 3907 1071 3982 maximae
1113 3922 1500 3984 membranis
1543 3925 1824 4003 scriptus
1871 3921 2094 3983 eodem
2139 3924 2410 3984 saeculo
2439 3966 2458 4000 ‚
2502 3924 2682 3986 inei·

472 4058 656 4137 piens
697 4056 777 4117 ab
828 4053 1163 4115 Asinariae
1209 4056 1260 4132 l,
1287 4053 1353 4134 3,
1380 4053 1444 4135 7,
1491 4054 1792 4118 desinens
1835 4057 1894 4117 in
1942 4056 2312 4119 Truculenti
2361 4059 2410 4132 l,
2438 4056 2500 4132 2,
2540 4058 2688 4120 tooe.

476 4190 594 4251 Est
650 4190 707 4251 is
750 4186 1058 4253 Gronovii
1125 4184 1607 4252 ‘academicus’z
1667 4187 1748 4250 de
1803 4207 1927 4268 quo
1985 4186 2115 4249 dixi
2162 4188 2333 4250 Mus.
2380 4187 2502 4251 Rh.
2558 4188 2686 4262 tv,

473 4342 531 4402 p.
580 4323 717 4386 178.
802 4325 864 4385 A
908 4343 1033 4406 quo
1076 4325 1371 4389 diversus
1414 4333 1517 4388 est

2819 4111 2823 4190 A

2819 4267 2823 4422 f
