2824 4890
2141 348 2296 414 cx!

176 540 271 603 quo
306 524 585 605 propriam
625 522 749 586 sibi
789 522 1011 585 sedem
1058 522 1325 587 omissio
1368 524 1547 589 verbi
1589 525 1805 593 habet.
1863 527 2032 593 Nam
2078 547 2143 590 v.
2175 527 2315 592 1²7.

171 655 271 719 429
304 657 359 717 in
388 660 620 737 factum
661 660 803 721 sine
844 668 947 723 eat
981 658 1190 734 posito
1234 658 1370 722 libri
1410 675 1574 724 sane
1596 665 2031 729 consentiuntx
2071 682 2307 746 quam-

173 791 252 852 vis
281 810 317 854 a
354 795 610 856 numeris
649 795 800 858 nihil
844 795 1151 880 impediat
1191 798 1529 878 quominus
1572 797 1784 879 priore
1826 798 1970 862 loco
2000 797 2315 862 scribatur

165 931 422 1006 factumst
457 951 653 1013 neque
688 936 854 1014 facti
889 939 1097 1012 piget,
1163 933 1323 996 alter
1376 940 1591 996 autem
1635 949 1875 996 versus
1941 941 2067 993 tlon
2110 931 2317 994 miuus

168 1066 440 1146 eleganter
477 1069 575 1133 his
618 1069 991 1134 accentibus
1033 1068 1329 1134 incedatx

291 1200 628 1269 Faetumst.
672 1238 753 1251 -
818 1205 909 1268 Vt
963 1200 1215 1286 quidem
1270 1203 1406 1267 illut
1462 1202 1738 1287 perierit.
1777 1236 1856 1250 --
1915 1203 2189 1266 Factum
2245 1198 2311 1266 id

1555 1345 1895 1420 quoquest.

164 1470 206 1530 A
237 1474 553 1536 mutatione
596 1483 807 1537 tamen
854 1473 1198 1536 cohibebat
1242 1469 1677 1553 dubitantem,
1719 1469 1890 1554 quod
1934 1478 2002 1532 et
2041 1479 2317 1552 utroque

159 1599 267 1664 loeo
301 1603 352 1665 in
391 1603 669 1668 Calliclis
712 1612 904 1686 atque
926 1602 1269 1678 Lesbonici
1313 1602 1778 1664 contumaciam
1825 1600 2107 1682 apprime
2148 1617 2312 1664 eon—

161 1742 333 1803 venire
366 1744 674 1826 participii
719 1752 1015 1828 tanquam
1070 1741 1432 1825 praefracta
1476 1742 1761 1805 brevitas
1803 1739 2005 1804 videri
2066 1748 2310 1823 potest,

155 1884 204 1935 et
249 1876 373 1937 alibi
414 1893 667 1962 quoque
708 1878 913 1958 ipsum
945 1874 1092 1940 illud
1114 1878 1363 1957 factum
1391 1877 1533 1936 sine
1554 1880 1657 1935 es!
1680 1871 1932 1953 dieitur,
1980 1879 2050 1933 ut
2071 1868 2313 1934 Bacch.

151 2021 217 2086 ιι,
252 2006 318 2080 3,
359 2010 431 2072 61
495 2015 823 2091 supinaret
869 2014 1120 2092 factum
1160 2032 1202 2074 a
1240 2014 1438 2074 uobis.
1528 2007 1663 2074 Sed
1727 2030 1788 2075 v,
1837 2005 2002 2073 1036
2037 2028 2310 2089 nequam

153 2150 360 2223 quedem
399 2169 517 2214 non
564 2159 671 2214 est
715 2171 827 2233 pro
873 2170 1144 2232 nequam
1197 2153 1269 2212 id
1319 2151 1569 2233 quidem
1622 2154 1761 2232 est,
1829 2149 1997 2231 quod
2055 2119 2313 2213 admisit

148 2276 526 2366 Hermannus,
577 2283 696 2345 sed
740 2284 1152 2347 accusativus
1196 2253 1300 2347 est
1342 2285 1549 2348 neutri
1590 2286 1883 2367 generis,
1924 2300 2189 2366 prorsus
2231 2280 2313 2346 ad

146 2430 320 2477 eorum
360 2414 834 2480 similitudinem
865 2433 1033 2499 quae
1062 2414 1452 2499 praecedunt
1473 2436 1707 2478 morem
1732 2418 2100 2493 improbum.
2145 2414 2313 2480 Cer-

146 2551 467 2615 tas'autem
525 2553 812 2634 nullique
869 2551 1243 2615 dubitationi
1305 2552 1617 2616 obnoxias
1676 2551 2094 2632 exceptiones
2149 2551 2314 2614 satis

147 2677 341 2760 alioqui
380 2696 692 2747 constans
734 2685 837 2747 lex
881 2683 1003 2747 has
1052 2683 1286 2747 habet:
1349 2683 1615 2766 primum
1657 2684 2127 2746 nudiussextus
2168 2698 2312 2745 eum

142 2811 404 2876 similibus
432 2860 451 2897 ‚
510 2833 684 2898 quae
723 2835 806 2878 ne
848 2814 1017 2898 apud
1060 2815 1354 2880 Plautum
1396 2814 1649 2900 quidem
1695 2823 1725 2877 t
1763 2815 2035 2878 litteram
2082 2815 2141 2878 in
2187 2816 2315 2880 line

139 2945 500 3028 asciverunt3
573 2946 806 3012 deinde
867 2967 994 3011 usu
1042 2948 1488 3032 frequentatas
1551 2953 1782 3012 mirum
1837 2953 1910 3010 no·
1958 2957 2024 3010 et
2077 2951 2309 3011 mirum

144 3078 679 3163 quirnlocutiones,
723 3091 793 3143 ut
834 3100 898 3143 v.
922 3081 1089 3164 4953
1139 3084 1390 3146 tertiam
1428 3086 1645 3162 potis
1687 3085 1796 3146 vel
1833 3090 2012 3161 pote
2054 3098 2315 3166 vocem,

142 3221 277 3285 quae
316 3212 435 3277 hoc
475 3213 700 3278 habuit
748 3214 1116 3296 singulare,
1180 3224 1252 3277 ut
1310 3234 1433 3278 non
1486 3236 1602 3298 pro
1656 3225 1868 3297 potest
1919 3226 2165 3280 tantum
2205 3219 2314 3281 vel

138 3350 280 3415 potis
316 3354 411 3408 ee!
449 3356 890 3428 usurparetur,
938 3344 1055 3409 sed
1100 3348 1287 3410 etiam
1332 3367 1450 3429 pro
1497 3348 1639 3415 aliis
1665 3349 1885 3412 formis
1926 3350 2065 3413 eius
2106 3350 2315 3431 verbi,

139 3475 296 3539 etiam
353 3501 467 3560 pro
532 3479 865 3542 infinitivo.
952 3478 1139 3558 Quod
1205 3482 1325 3544 etsi
1381 3498 1574 3543 nune
1614 3499 1736 3542 non
1800 3489 1994 3544 vacat
2063 3479 2316 3561 longius

141 3604 434 3684 persequi,
477 3612 696 3667 tamen
744 3624 828 3668 ex
861 3605 1003 3685 ipsa
1044 3605 1411 3667 Trinummo
1456 3603 1915 3687 designandum
1958 3612 2100 3686 est,
2140 3603 2315 3686 quod

141 3734 523 3825 Ambrosiani
572 3739 1004 3820 praestantiae
1052 3738 1338 3819 debetur,
1385 3755 1454 3799 v·
1477 3735 1606 3800 352
1648 3735 2153 3819 qua'ndoquidem
2191 3748 2314 3799 ποτε

135 3864 236 3931 tibi
266 3873 415 3938 bene
459 3896 605 3938 esse
638 3875 825 3955 pote
863 3882 1006 3955 pati
1026 3897 1233 3958 neque
1261 3875 1487 3938 cineri.-
1526 3876 1628 3938 ubi
1653 3876 1955 3938 vitiosum
1985 3881 2125 3936 erat
2145 3872 2315 3955 quod

136 4001 495 4085 vulgabatur
535 4014 758 4085 potes,
818 4008 1110 4089 quoniam
1155 4006 1219 4069 in
1262 4007 1616 4089 composito
1662 4007 1866 4069 verbo
1909 4025 2033 4069 non
2082 4005 2315 4089 magis,

135 4144 297 4207 quam
342 4136 405 4196 in
448 4135 738 4218 simplici,
782 4159 852 4199 es
896 4138 1144 4219 syllaba
1187 4140 1523 4221 corripitur
1566 4139 1733 4220 apud
1767 4137 2084 4200 Plautum.
2133 4220 2138 4223 x
2173 4139 2318 4201 Hoc

138 4261 313 4343 igitur
351 4267 518 4333 duee
564 4273 861 4354 exemplo
902 4276 1292 4356 asperiorem
1338 4273 1978 4356 proceleusmaticum
2021 4274 2101 4336 ab
2136 4274 2314 4337 initio
