2824 4890
2139 350 2294 413 mx

166 545 503 595 nn'nrsmcoa
543 551 601 592 v,
644 531 805 609 224,
869 547 1178 603 euinusu·
1222 529 1380 614 283,
1430 546 1769 596 υιιιτυτωι
1810 550 1924 613 pro
1973 545 2313 595 uic'romm

160 658 298 741 ³09,
341 678 964 726 emmeramensem
1007 659 1173 740 314,
1220 678 1438 725 vener
1481 680 1595 742 pro
1641 679 1854 725 nomm·
1895 662 2055 744 474,
2103 680 2314 727 mAcls

158 811 256 872 pro
291 810 482 856 manis
530 794 668 879 475,
718 812 1216 866 QulsQUtsQUAM
1259 796 1408 873 519,
1458 814 2318 869 umrrenissoneesmirm-

157 941 322 996 QUAM
372 945 479 1007 pro
535 948 834 1008 umquam
882 933 1029 1007 fieri
1080 948 1283 1009 neque
1333 934 1524 1006 quali
1562 932 1658 991 tui
1696 928 1859 1007 521,
1921 945 2319 991 PnAnoP'rA-

153 1078 335 1124 suis'ri
374 1062 517 1142 648,
565 1079 803 1125 oppam
845 1061 994 1143 7-14,
1039 1071 1104 1125 et
1144 1081 1306 1143 qnae
1348 1071 1498 1124 sunt
1542 1062 1770 1124 similia
1813 1063 2068 1124 minime
2093 1078 2318 1143 pauca.

152 1190 277 1270 Quo
318 1194 501 1257 etiam
548 1214 767 1258 eorum
813 1196 1129 1277 quaedam
1175 1195 1512 1257 referenda
1540 1203 1716 1273 sunt,
1766 1213 1932 1276 quae
1960 1213 2103 1257 cum
2131 1196 2321 1276 plene

152 1324 255 1406 legi
289 1334 621 1408 nequeant,
671 1336 882 1388 tamen
925 1327 1005 1388 ab
1053 1326 1389 1388 emendata
1429 1326 1746 1408 scriptura
1791 1326 2156 1408 discrepare
2199 1346 2322 1390 nu-

155 1473 325 1519 merus
369 1458 718 1539 spatiorum
765 1456 1023 1538 doceat,
1067 1468 1133 1519 nt
1178 1474 1242 1521 v.
1286 1456 1372 1519 70
1419 1474 1620 1521 onum
1648 1484 1667 1505 ·
1696 1485 1716 1506 ·
1746 1476 1839 1519 mu
1883 1477 1994 1539 pro
2039 1462 2323 1538 obiuryi-

154 1591 264 1663 ten,
298 1608 358 1651 v.
378 1588 505 1651 217
525 1607 617 1653 nx
638 1619 658 1641 ο
681 1608 766 1661 eu
790 1625 809 1646 ·
835 1607 1063 1652 aarum
1093 1590 1447 1671 horumque
1470 1590 1697 1655 similia
1735 1609 1800 1653 v.
1830 1594 1972 1654 264.
2001 1594 2144 1655 ⁴06.
2172 1591 2321 1657 428.

148 1717 266 1781 466.
300 1721 441 1783 506.
485 1720 635 1784 637.
675 1721 816 1786 642.
860 1721 1003 1785 643.
1047 1721 1194 1804 666,
1237 1722 1381 1785 alia.
1465 1721 1599 1787 Sed
1641 1722 1830 1784 etiam
1863 1723 1916 1784 si
1948 1726 2097 1785 tal'a
2121 1724 2317 1787 missa

148 1854 374 1937 seceri8‚
417 1874 590 1939 quae
634 1856 866 1918 nemini
909 1854 1116 1956 fraudi
1161 1855 1375 1919 futura
1418 1856 1568 1939 sint,
1612 1863 1678 1917 et
1717 1854 1779 1918 in
1820 1857 1914 1917 eis
1953 1856 2319 1925 substiteris

150 2004 289 2070 qnae
328 1989 702 2072 antiquioris
748 1988 1028 2069 exempli
1074 1986 1200 2048 fide
1245 1987 1541 2050 librarius
1588 1989 1951 2069 propagarit
2007 1989 2116 2049 vel
2171 2006 2325 2069 pro-

140 2137 396 2202 pagasse
452 2121 754 2184 videatur
808 2121 1097 2202 (quando
1156 2123 1351 2185 certis
1402 2123 1565 2186 haec
1618 2122 1845 2185 finibus
1888 2121 2326 2184 disterminare

140 2254 425 2339 difficile),
472 2261 742 2323 multum
788 2260 975 2321 abest
1017 2266 1110 2338 ut,
1152 2277 1341 2340 quam
1374 2258 1837 2324 Ambrosianus
1881 2257 2326 2317 recensionem

145 2387 470 2456 fabularum
518 2390 961 2454 Plautinarum
1014 2392 1333 2474 sequitur,
1394 2410 1432 2453 a
1476 2391 1736 2474 pristina
1786 2389 2152 2472 integritate
2193 2406 2318 2449 non

143 2521 316 2587 dicam
377 2507 601 2606 nullo,
659 2533 729 2588 at
786 2524 1022 2608 exiguo
1079 2526 1412 2589 intervallo
1469 2526 1683 2589 distet.
1772 2526 1940 2586 Nam
1988 2534 2056 2586 ut
2104 2522 2329 2604 paucis

139 2660 693 2744 comprehendam,
761 2668 1016 2754 omnino
1080 2664 1315 2726 nullum
1386 2672 1491 2724 est
1555 2680 1764 2745 genus
1828 2658 2328 2741 depravationis,

143 2794 291 2873 quod
329 2798 391 2861 A
435 2816 571 2861 nou
612 2803 725 2862 aut
766 2798 983 2860 multis
1030 2797 1187 2859 locis
1232 2813 1566 2857 commune
1609 2812 1750 2857 cum
1787 2811 1826 2873 y
1867 2791 1928 2852 h.
1957 2811 2010 2853 e.
2044 2789 2332 2870 Calliopii

146 2932 500 2992 recensione
554 2928 789 2992 habeat
813 2974 835 3011 ,
895 2928 1146 2992 duxerit
1187 2929 1380 3011 igitur
1424 2947 1462 2989 e
1500 2926 1817 2989 communi
1866 2926 2039 2986 fonte
2083 2943 2165 3004 α,
2221 2930 2335 2985 aut

147 3060 495 3137 quibusdam
549 3062 860 3142 exemplis
902 3061 1025 3123 sibi
1070 3059 1235 3124 adeo
1279 3061 1593 3141 proprium
1641 3067 1894 3141 praeter
1937 3058 2150 3130 BGD,
2210 3074 2336 3118 non

142 3193 310 3271 igitur
347 3198 549 3259 etiam
597 3196 657 3257 in
699 3195 747 3274 β
791 3196 935 3257 olim
977 3203 1270 3258 exstans.
1358 3196 1558 3258 Velut
1602 3214 1741 3257 enm
1788 3214 1851 3257 v,
1876 3193 2003 3254 207
2035 3196 2334 3254 immisso

146 3322 527 3400 glossemate
587 3345 733 3390 cum
780 3329 1089 3392 Palatinis
1143 3335 1363 3393 sciunt
1410 3335 1484 3392 id
1535 3334 1706 3412 quod
1755 3350 1866 3411 pro
1914 3332 2128 3389 sciunt
2165 3328 2335 3406 quid,

146 3453 438 3531 gliscente
501 3466 728 3521 autem
791 3460 1274 3540 interpolatione
1333 3466 1621 3542 proximo
1667 3478 1861 3521 versu
1919 3464 2064 3520 item
2121 3461 2343 3519 sciunt

147 3588 207 3646 id
236 3595 397 3668 quod
436 3611 556 3673 pro
603 3596 824 3653 sciunt
861 3594 1032 3671 quod
1071 3592 1249 3654 solus
1294 3592 1551 3654 exhibet
1595 3591 1788 3654 valde
1832 3591 2089 3654 notabili
2116 3609 2344 3653 exem-

146 3717 267 3798 plo:
324 3723 472 3786 item
536 3723 719 3792 solus
776 3723 947 3783 mala
1002 3724 1206 3783 mulla
1251 3742 1312 3782 v.
1355 3721 1475 3785 361
1536 3741 1650 3803 pro
1696 3721 1932 3798 mulla,
1993 3743 2058 3784 v.
2102 3720 2229 3785 236
2267 3742 2342 3785 ee

144 3856 494 3927 empediant.
583 3855 708 3916 Vel
765 3873 906 3917 cum
965 3858 1029 3917 in
1090 3875 1215 3917 uno
1271 3855 1370 3930 A,
1433 3875 1595 3937 quae
1650 3855 1924 3917 Palatini
1980 3861 2341 3936 servarunt,

146 3980 608 4066 desiderantur,
674 4006 728 4047 e.
775 4005 831 4048 c.
872 3991 962 4048 sit
998 3985 1165 4067 231,
1221 3991 1435 4047 auimo
1477 3987 1635 4067 271,
1690 3995 1750 4047 te
1794 3985 1950 4065 378,
2010 4005 2155 4045 cum
2196 3981 2344 4067 523,

145 4134 256 4190 que
285 4116 434 4198 645,
479 4139 630 4198 erqo
656 4119 802 4197 756,
848 4123 907 4179 is
948 4126 1049 4179 est
1095 4118 1286 4181 10722
1332 4136 1691 4199 quanquam
1741 4116 1904 4179 haec
1947 4114 2344 4196 potissimum

147 4251 350 4312 nescio
395 4271 481 4315 an
526 4251 753 4315 eodem
798 4252 929 4313 iure
966 4251 1090 4313 soli
1134 4222 1568 4333 negligentiae
1611 4249 1953 4311 scribentis
1977 4248 2344 4314 tribuantur.
