2824 4890
473 332 795 395 Lxxxn

472 519 679 598 poetis
723 517 825 596 qni
860 512 1075 575 talium
1121 485 1303 573 fuere
1347 507 1760 572 feracissimi:
1806 516 1873 568 ut
1914 509 2300 586 ealeipotem
2331 507 2681 587 Neptunus

469 666 594 710 non
641 648 726 708 sit
767 644 929 708 alius
973 645 1222 706 futurus
1280 643 1401 703 nisi
1459 641 1926 703 muriatieorum
1981 647 2229 720 potens,
2317 637 2569 700 Contra
2612 646 2682 698 et

473 782 611 843 eale
652 791 720 843 et
760 780 901 840 salo
945 779 1064 841 iam
1111 778 1367 856 antiqua
1408 785 1594 836 aetas
1640 773 1797 835 dixit
1838 792 1953 854 pro
1998 771 2076 834 eo
2111 771 2280 855 quod
2312 780 2414 833 est
2458 758 2682 834 ’πται-ἲ.

484 908 757 972 Accedit
785 907 952 990 quod
986 926 1205 987 parum
1247 906 1531 986 profecto
1567 906 1895 986 eleganter
1927 906 2385 982 saleipotenti
2419 906 2687 982 Neptu-

478 1061 559 1104 uo
583 1050 648 1104 e!
664 1043 968 1123 fluctibus
1010 1041 1285 1102 salsis
1332 1038 1556 1102 laudes
1583 1042 1691 1123 agi
1723 1051 2072 1123 gratesque
2115 1041 2331 1102 haberi
2363 1039 2691 1105 dicuntur.

473 1207 552 1227 --
602 1175 726 1237 His
787 1183 853 1237 ut
899 1172 1151 1235 tandem
1200 1173 1387 1234 linem
1436 1173 1666 1236 faciam
1711 1206 1792 1217 ——
1834 1191 1976 1235 nam
2024 1175 2231 1235 omnia
2276 1172 2684 1237 exhausturo

475 1308 965 1371 commentarius
1039 1318 1385 1388 perpetuus
1457 1306 1832 1369 scribendus
1901 1310 1987 1368 sit
2051 1339 2132 1352 —-
2202 1306 2282 1369 de
2359 1313 2682 1389 corruptis

476 1460 541 1502 v.
570 1440 723 1504 1021
775 1440 1127 1501 nominibus
1172 1441 1442 1521 propriis
1486 1439 1610 1500 etsi
1651 1439 1914 1501 aliorum
1957 1438 2191 1501 iudicia
2219 1448 2479 1521 expeto,
2532 1461 2693 1522 pro·

477 1572 764 1636 habiliter
812 1583 1021 1635 tamen
1071 1583 1136 1635 et
1180 1572 1670 1634 chit-uoltus
1714 1572 2040 1636 inventum
2087 1582 2238 1654 puto
2284 1581 2348 1634 et
2393 1571 2474 1634 de
2520 1574 2693 1636 Ger·

476 1709 729 1770 cobolue
770 1705 1147 1784 dubitatum,
1191 1706 1338 1787 quia
1382 1705 1463 1766 ab
1510 1705 1736 1768 eadem
1784 1700 2012 1790 κέρκος
2054 1725 2223 1769 voce
2263 1711 2502 1772 factum
2561 1728 2691 1769 no-

473 1856 621 1905 men
663 1838 1054 1901 Cerconieus
1106 1836 1462 1917 praeeedit:
1524 1836 1693 1916 quod
1739 1839 1861 1900 etsi
1914 1838 1996 1901 ad
2065 1839 2266 1917 ipsam
2313 1837 2690 1901 furatrinam

478 1989 604 2041 uon
661 1970 883 2050 valet,
948 1978 1158 2032 tamen
1219 1981 1287 2032 ut
1348 1970 1635 2033 liberiore
1699 1971 1946 2034 iocandi
1999 1992 2237 2054 genere
2301 1975 2505 2035 lusum
2575 1973 2695 2034 vix

479 2106 682 2165 ausim
726 2101 1088 2164 sollicitare.
1177 2100 1424 2179 Quodsi
1479 2104 1827 2183 repositum
1871 2106 2357 2167 Cricolabus
2411 2125 2544 2167 non
2584 2114 2697 2167 est

482 2238 787 2301 dissimile
848 2240 1023 2314 veri,
1090 2254 1496 2318 consequens
1562 2246 1666 2300 est
1725 2248 1794 2300 ut
1854 2241 2013 2301 tueri
2059 2240 2249 2303 liceat
2289 2240 2694 2305 trochaicam

482 2390 845 2435 mensuram
889 2374 1172 2453 contigui
1217 2372 1508 2447 nominis,
1554 2373 1721 2454 quod
1752 2373 2005 2435 inlibris
2049 2375 2342 2436 scribitur
2384 2379 2694 2443 munus.-

478 2524 602 2567 non
643 2506 883 2570 insulse
921 2504 1112 2585 igitur
1157 2503 1553 2566 C'rimnue
1607 2502 1731 2566 diei
1780 2504 1962 2566 visus
2006 2516 2304 2587 tanquam
2350 2505 2693 2571 famelicus

478 2631 768 2720 κρίμνοις
812 2638 870 2700 h.
915 2659 969 2702 e.
1015 2639 1196 2700 mieis
1244 2640 1426 2719 panis
1473 2640 1612 2718 ipse
1658 2639 1955 2700 intentus.
2043 2640 2112 2698 In
2159 2636 2446 2700 hibridae
2499 2639 2694 2701 vocis

480 2769 764 2849 speeiem
814 2777 883 2830 ut
924 2769 1042 2831 alia
1099 2768 1265 2850 apud
1315 2769 1610 2832 Plautum
1656 2768 1869 2831 fiotum
1922 2785 2073 2830 esse
2117 2769 2509 2832 Collabus
2567 2790 2694 2852 po-

482 2911 613 2963 test
671 2901 965 2981 (qnando
1024 2902 1107 2964 de
1172 2890 1495 2982 κόλλαβος
1554 2921 1740 2964 nemo
1798 2902 2262 2984 cogitaverit),
2330 2921 2693 2985 quanquam

483 3053 607 3095 non
651 3052 900 3095 vacans
943 3033 1350 3102 dubitatione.
1441 3038 1532 3100 Vt
1571 3058 1691 3101 non
1734 3040 1946 3119 inepte
1992 3039 2112 3100 hoc
2155 3039 2451 3118 exemplo
2482 3046 2692 3100 totum

485 3171 870 3232 versiculum
915 3173 1259 3235 vernacula
1306 3173 1517 3256 lingua
1563 3175 1836 3237 imiteret

644 3306 969 3369 Halterest
1015 3305 1222 3388 war's,
1272 3307 2028 3391 Sohwiinzelsiegerioh,
2077 3309 2427 3389 Kriimlein‚
2472 3311 2691 3394 ning-

1725 3440 1975 3522 freund‚
2024 3439 2354 3506 Greifezu.

485 3570 800 3650 Quoniam
846 3575 909 3633 in
952 3572 1308 3634 nominibus
1365 3572 1630 3653 propriis
1680 3590 1953 3646 versor,
2016 3575 2170 3637 libet
2226 3577 2420 3637 etiam
2465 3575 2687 3638 caten·-

482 3708 784 3767 machum
828 3716 892 3767 et
933 3705 1294 3768 Chariclem
1336 3722 1870 3782 commemorare,
1926 3723 2094 3787 quae
2135 3709 2388 3769 nomina
2433 3716 2505 3770 ut
2542 3708 2688 3771 aliis

480 3842 815 3904 usitatiora
858 3860 917 3905 v,
961 3841 1104 3904 917.
1147 3841 1276 3902 9²2
1318 3840 1553 3901 invexi.

652 3971 901 4036 Addam
948 3972 1051 4034 bis
1097 3987 1301 4052 pauca
1343 3970 1426 4032 ad
1452 3972 1657 4034 locum
1691 3969 1771 4032 de
1796 3971 2264 4032 construetione
2290 3972 2701 4051 pertinentia.

487 4104 888 4166 Accusativo
931 4104 1251 4183 iunctum,
1310 4122 1435 4164 non
1478 4100 1697 4165 dativo
1737 4104 2137 4182 obrepere
2189 4104 2494 4183 verbum,
2563 4121 2701 4186 qua

487 4233 956 4296 construetione
1014 4233 1075 4294 in
1136 4233 1407 4313 prologo
1455 4233 1722 4295 Poenuli
1767 4252 1831 4294 v.
1883 4234 1957 4295 14
2012 4232 2249 4297 dietum
2302 4238 2572 4295 tacitum
2628 4241 2702 4294 te
