2824 4890
527 357 781 420 CXXX
898 415 901 417 ,

523 562 675 606 sere
719 541 1134 606 detruncatus
1177 547 1578 626 septenarius
1623 548 1831 608 Auiul.
1877 564 1951 626 ιι,
1994 549 2057 624 8,
2101 546 2221 612 23:

699 673 1016 739 Nimirum
1069 673 1363 756 oceiddr,
1427 677 1551 738 nisi
1598 696 1725 758 ego
1769 681 1932 739 intro
1978 678 2103 740 huc
2145 676 2418 761 propere
2461 695 2699 761 propero
2777 657 2778 662 ἵ

2035 808 2316 892 currere,

524 945 631 1024 qui
682 962 804 1005 non
869 942 1084 1006 dubito
1129 945 1273 1026 quin
1319 945 1378 1003 in
1423 943 1756 1005 iambicam
1801 961 2064 1006 scenam
2108 946 2321 1025 aliquo
2368 955 2527 1009 casu
2569 947 2702 1007 irre-

523 1081 725 1160 pserit
769 1098 853 1141 ex
893 1080 1214 1142 trochaica
1262 1098 1343 1160 11,
1388 1078 1432 1139 2
1459 1122 1479 1158 ‚
1527 1080 1634 1140 ubi
1672 1098 1854 1141 suam
1895 1079 2013 1142 sibi
2068 1078 2289 1141 sedem
2347 1088 2497 1161 post
2543 1101 2604 1141 v.
2639 1079 2705 1142 65

523 1211 828 1274 vindicat.
930 1213 1081 1273 Non
1145 1220 1247 1274 est
1315 1221 1528 1274 autem
1590 1216 1799 1294 magis
1842 1213 2086 1291 mirum,
2150 1213 2459 1275 vltiosum
2540 1209 2701 1284 intro,

519 1364 706 1428 quam
737 1391 758 1425 ,
803 1345 973 1426 quod
1019 1366 1139 1407 non
1186 1364 1338 1408 esse
1384 1345 1681 1407 vitiosum
1727 1335 2005 1409 v‘idimus
2031 1391 2050 1426 ‚
2117 1356 2482 1429 correptum
2539 1352 2700 1417 inter,

522 1498 724 1561 saepe
766 1479 924 1542 solia
968 1480 1074 1542 vel
1118 1481 1384 1543 librariis
1437 1481 1548 1542 vel
1587 1481 1934 1542 editoribus
1991 1480 2253 1561 deberi,
2311 1500 2437 1542 non
2482 1488 2709 1561 poetae.

517 1613 1002 1695 Amphitruonis
1059 1629 1156 1688 ιν,
1202 1609 1282 1692 3,
1333 1612 1359 1672 1
1426 1611 1961 1691 simplicissimum
2020 1610 2296 1673 omnium
2357 1611 2559 1675 suerit
2603 1618 2706 1674 ist·

480 1769 485 1786 ε
510 1747 866 1806 inseruisse
891 1767 904 1807 ε

682 1875 826 1939 vos
872 1880 994 1940 ista
1037 1881 1198 1941 inter
1246 1877 1369 1941 vds
1412 1884 1674 1962 partitez
1721 1898 1846 1960 ego
1891 1879 2077 1960 abeo,
2117 1878 2269 1941 mihi
2313 1876 2709 1963 negdtiumst.

511 2008 683 2069 Nihil
726 2008 1055 2090 quicquam
1104 2009 1439 2071 molestiae
1489 2008 1890 2072 Cistellariae
1933 2028 1978 2089 1,
2018 2008 2184 2089 1,53
2225 2016 2427 2091 creat,
2476 2018 2708 2071 temere

511 2147 795 2200 tentatus
838 2157 875 2199 a
920 2138 1184 2201 Bothio:

672 2273 982 2354 Equidem
1024 2273 1237 2338 he'role
1275 2272 1506 2336 addam
1549 2293 1804 2356 operam
1850 2271 2093 2336 se'dulo.
2136 2280 2241 2335 set
2265 2267 2415 2354 quid
2444 2279 2523 2334 tu
2563 2267 2712 2334 inter

1852 2410 2062 2472 istaec
2105 2405 2350 2471 uerba:

514 2558 633 2602 nec
677 2542 819 2622 pius
864 2541 1238 2603 offensionis
1279 2541 1473 2604 habet
1515 2543 1712 2604 Poen.
1757 2561 1801 2622 1,
1847 2542 1912 2621 2,
1957 2538 2074 2603 53:

634 2669 913 2735 Turbast
940 2692 1105 2735 nunc
1131 2682 1286 2755 aput
1308 2672 1519 2739 aram:
1566 2693 1649 2736 an
1694 2675 1807 2736 tibi
1852 2676 1946 2737 uis
1982 2671 2145 2737 inter
2183 2675 2342 2736 istas
2370 2674 2703 2737 uersas-ier

498 2804 724 2883 quibus
759 2803 1061 2866 versibus
1093 2805 1347 2866 fuerunt
1391 2807 1492 2887 qui
1537 2809 1702 2867 satis
1743 2808 1954 2888 inepte
1989 2806 2070 2870 ad
2098 2808 2491 2889 probandam
2551 2807 2714 2871 futu

450 2982 455 2985 x
501 2953 861 2997 mensuram
891 2945 1235 3016 uterentur,
1280 2936 1554 3016 ineptius
1598 2938 1786 3001 etiam
1830 2941 1891 3001 in
1930 2941 2227 3003 auxilium
2262 2952 2506 3006 vocato
2537 2945 2716 3026 Capi·

509 3087 606 3152 111,
650 3069 713 3151 5,
765 3068 874 3132 19:

661 3208 832 3269 Inter
876 3204 995 3270 uds
1038 3204 1545 3288 permutam'stiS.
1633 3209 1870 3270 Fateor
1910 3207 2141 3291 dmuia,

502 3340 609 3403 ubi
648 3346 1064 3420 permutastis
1126 3360 1205 3400 ne
1263 3339 1500 3420 egebat
1557 3338 1844 3419 quidem,
1904 3359 2092 3420 quam
2147 3340 2378 3423 habet,
2443 3341 2721 3405 veteris

494 3477 895 3536 auctoritate.
985 3472 1118 3535 Sed
1167 3470 1416 3553 Epidici
1457 3489 1528 3551 11,
1573 3472 1634 3547 2,
1676 3471 1759 3531 55
1796 3471 1892 3533 sio
1934 3470 2345 3553 scribendus,
2395 3493 2484 3534 ex
2544 3486 2723 3556 parte

489 3611 658 3672 duce
707 3610 1171 3672 Ambrosiano:

658 3736 841 3808 Dii‘ae
883 3746 979 3807 sio
1023 3753 1171 3826 post
1215 3763 1315 3805 me
1340 3741 1604 3806 fabulari
1632 3740 1793 3803 inte'r
1823 3760 1930 3807 se:
1982 3760 2107 3824 ego
2134 3736 2432 3802 abscessi
2459 3743 2732 3819 nolana,

487 3904 610 3947 non
654 3888 822 3944 inter
861 3903 1025 3944 sese.
1090 3882 1312 3943 Militis
1356 3902 1431 3962 11,
1476 3881 1541 3963 2,
1573 3882 1659 3943 70
1702 3880 2044 3943 delirarnnt
2086 3882 2190 3963 qui
2233 3879 2312 3942 de
2374 3878 2723 3945 fulb-clu-

490 4026 618 4084 dito
662 3992 1075 4102 cogitaruuss
1132 4018 1520 4080 Meroatoris
1563 4035 1677 4095 111,
1730 4016 1790 4096 1,
1833 4016 1916 4077 38
1962 4015 2081 4077 etsi
2128 4034 2244 4097 per
2287 4032 2363 4077 se
2403 4016 2569 4078 siue
2624 4017 2733 4080 of·

486 4156 780 4220 fensioue
824 4164 922 4219 est
967 4155 1137 4236 quod
1181 4153 1425 4218 editur:

588 4289 673 4351 Et
740 4282 904 4350 i'nter
950 4304 1067 4350 nos
1114 4285 1608 4367 coniurauimus,
1655 4305 1781 4370 ego
1825 4283 1972 4351 mim
2018 4288 2126 4350 illo
2170 4297 2235 4350 et
2276 4288 2380 4351 ille
2423 4288 2740 4374 atticum,
