2824 4890
2013 344 2270 414 xcvii

165 527 566 613 haudquaquam
621 535 727 595 vel
773 551 1015 594 munus
1059 528 1207 592 alibi
1252 528 1360 590 vel
1404 547 1468 589 v.
1510 525 1656 591 850.
1702 527 1827 593 354
1884 529 2088 611 ipsum
2148 537 2274 594 im-

157 665 321 724 wm‘t
352 663 774 728 conformanda
818 662 1132 728 duximus.

302 814 378 878 Vt
435 819 700 901 reliquas
762 821 1031 882 vocales
1094 820 1429 882 absolvam
1455 862 1477 900 ‚
1546 826 1609 879 et
1665 836 1820 879 cena
1882 826 1948 878 et
2001 822 2280 895 paenitet

158 942 635 1026 (quemadmodum
681 951 825 1014 alibi
859 953 1133 1032 faenus)
1174 958 1242 1012 ut
1282 948 1674 1027 scriberem,
1724 940 2127 1010 Ambrosiani
2174 968 2276 1010 me

153 1083 440 1143 auctoritas
477 1084 716 1166 movit,
773 1084 1070 1166 quoniam
1117 1083 1178 1145 in
1221 1083 1322 1146 his
1335 1126 1355 1165 ,
1417 1101 1585 1165 quae
1628 1104 1663 1145 e
1706 1103 1782 1145 ae
1825 1103 1896 1143 oe
1935 1082 2279 1147 litterarum

149 1210 446 1278 discrimine
485 1226 862 1298 vertuntur,
922 1235 1045 1300 quo
1088 1216 1487 1279 recentiores
1532 1224 1714 1296 sunt,
1762 1234 1840 1278 eo
1884 1209 2031 1278 fidei
2071 1218 2284 1278 minus

152 1345 349 1410 codices
395 1348 639 1417 habent.
738 1349 872 1415 Sed
931 1367 1198 1432 prorsus
1250 1348 1499 1411 novicia
1555 1346 1912 1411 affirmandi
1971 1347 2284 1429 particula

145 1494 254 1538 nae
299 1488 429 1563 est,
485 1501 674 1572 quam
733 1481 1255 1546 constantissimo
1307 1481 1672 1544 testimonio
1728 1482 1971 1565 antiqui
2013 1481 2148 1544 libri
2191 1501 2288 1543 ne

143 1608 296 1674 misse
332 1617 740 1679 consentiunt.
824 1614 1020 1678 Vnde
1059 1614 1298 1676 factum
1344 1620 1412 1674 ut
1455 1631 1535 1675 ea
1578 1612 1782 1674 forma
1824 1631 1966 1676 cum
2013 1615 2089 1673 m·
2128 1631 2284 1693 per-

144 1754 432 1813 mutaretur
469 1771 534 1813 v.
576 1750 723 1814 483.
786 1782 866 1795 —
949 1750 1098 1811 Nec
1153 1747 1498 1828 antiquins
1558 1746 1662 1809 vel
1718 1753 2137 1828 aequiparare
2177 1748 2287 1811 vel

138 1880 431 1961 mamque
476 1895 543 1949 et
586 1885 911 1963 neyliyere
953 1882 1196 1945 formas
1241 1882 1455 1962 novit,
1499 1879 1619 1944 sed
1662 1884 1726 1943 in
1763 1882 1864 1944 his
1907 1904 1943 1943 e
1984 1883 2283 1946 vocalem
2319 1922 2326 1927 -

137 2013 379 2090 probavit
428 2017 659 2081 solam.
743 2018 906 2079 Eam
960 2024 1175 2079 autem
1231 2036 1268 2077 e
1323 1996 1614 2079 vocalem
1679 2034 1824 2080 cum
1884 2018 1947 2079 in
2007 2014 2291 2100 plurimis

132 2146 350 2211 vocibus
384 2150 485 2213 vel
531 2148 963 2231 antiquiorem
1012 2148 1118 2211 vel
1161 2147 1407 2232 plebeio
1450 2150 1782 2212 rusticove
1811 2167 2108 2213 sermone
2151 2151 2291 2214 usi-

133 2288 371 2355 tatiorem
423 2292 636 2357 fuisse
695 2312 885 2376 quam
928 2298 956 2354 a·
996 2293 1273 2357 litteram
1322 2293 1643 2359 sciamuse
1703 2296 1825 2358 etsi
1869 2314 1909 2357 a
1953 2295 2181 2359 Plauto
2225 2307 2293 2362 et

126 2429 269 2498 cepe!
300 2428 574 2490 ambos
616 2432 683 2488 et
723 2431 1041 2502 magester
1083 2423 1402 2486 Meum-ua
1446 2424 1791 2488 abhorrent
1813 2471 1831 2507 ,
1898 2434 2109 2489 tamen
2170 2448 2292 2490 no·-

128 2554 265 2620 tabili
300 2561 597 2642 exemplo
644 2555 934 2621 relictum
978 2565 1082 2620 est
1138 2560 1428 2637 semul,
1487 2558 1653 2643 quod
1700 2571 1830 2624 tam
1873 2579 2073 2644 saepe
2121 2566 2295 2645 opti-

127 2684 221 2747 mis
254 2687 308 2749 in
346 2689 518 2753 libris
563 2686 736 2751 redit
756 2691 862 2765 4ὓ),
914 2695 984 2750 ut
1023 2690 1275 2770 plenam
1316 2685 1504 2751 fidem
1549 2688 1813 2755 habeat:
1870 2710 1998 2773 quo
2043 2693 2297 2758 accedit

128 2819 262 2898 quod
301 2822 356 2884 in
401 2819 964 2905 praestantissimo
1008 2814 1113 2881 illo
1157 2829 1586 2901 monumento,
1631 2820 1800 2904 quod
1841 2823 2055 2888 Musei
2098 2827 2299 2890 nostri

128 2949 305 3031 philol.
344 2965 388 3020 t.
430 2977 497 3020 v.
545 2976 615 3038 p.
658 2952 746 3016 70
788 2951 1022 3016 editum
1062 2959 1204 3032 est,
1257 2960 1476 3015 exstat
1518 2971 1742 3018 senon
1792 2957 2117 3038 scriptum.
2206 2961 2301 3026 Vt

150 3260 204 3327 ⁸¹)
234 3266 288 3315 ln
321 3271 558 3333 utroque
600 3261 855 3316 Palatino
890 3263 1077 3332 semul
1112 3259 1366 3331 scriptum
1403 3272 1485 3318 est
1524 3265 1711 3319 sacch.
1749 3281 1831 3333 iv,
1871 3267 1926 3334 1,
1961 3266 2016 3320 4.
2052 3268 2107 3321 5.
2142 3267 2304 3338 1v‚2,

226 3367 274 3418 9.
306 3370 452 3419 Men.
489 3383 558 3432 n,
597 3371 658 3432 3,
693 3367 788 3416 54.
829 3369 1002 3418 Mero.
1036 3381 1121 3431 ιν,
1156 3367 1210 3430 1,
1244 3368 1334 3419 23.
1370 3380 1452 3433 xv,
1485 3368 1543 3432 4,
1577 3367 1670 3418 48.
1716 3370 1852 3418 Rud.
1893 3382 1977 3428 m,
2010 3369 2068 3434 4,
2099 3371 2204 3423 55:
2247 3369 2304 3420 in

229 3466 276 3516 B
313 3467 441 3520 cist.
477 3479 564 3532 nr,
599 3469 661 3532 2,
700 3467 821 3522 104.
871 3472 1018 3520 Men.
1051 3482 1113 3533 v,
1153 3470 1207 3534 9,
1244 3467 1349 3520 15:
1385 3468 1438 3519 in
1479 3468 1671 3520 C'solo
1707 3469 1877 3519 Merc-
1911 3481 1972 3533 n,
2010 3468 2063 3531 1,
2097 3472 2162 3521 81
2194 3486 2209 3528 t
2248 3473 2305 3523 in

229 3569 343 3618 solo
379 3573 522 3621 adeo
563 3571 617 3619 F·
650 3571 792 3619 Meu.
828 3581 914 3634 lv,
947 3568 1005 3631 2,
1040 3570 1131 3618 99.
1169 3570 1288 3619 Mil.
1321 3583 1398 3631 ιν,
1421 3572 1480 3634 8,
1501 3573 1555 3620 8.
1590 3573 1959 3636 Pseud-m,2,
1981 3574 2071 3623 69.
2100 3574 2192 3630 74.
2213 3573 2307 3628 75.

236 3681 310 3734 rv,
343 3674 399 3737 8,
440 3673 539 3723 17.
613 3672 715 3722 Cui
746 3674 1053 3736 scripturae
1089 3674 1245 3723 etiam
1283 3675 1406 3736 plus
1443 3675 1561 3724 fidei
1597 3675 1718 3725 hinc
1753 3675 1986 3738 accedit,
2023 3677 2165 3738 quod
2201 3672 2310 3725 ali-

231 3773 441 3834 quoties
477 3772 536 3823 in
575 3774 629 3824 B
665 3785 699 3823 a
733 3771 905 3836 prima
939 3785 1100 3824 mauu
1136 3775 1314 3840 semel
1349 3776 1450 3825 fuit
1472 3810 1489 3839 ,
1524 3778 1763 3826 secunda
1792 3778 2000 3827 demum
2038 3778 2092 3826 in
2121 3778 2310 3843 semul

225 3875 487 3923 mutatum
508 3909 527 3939 2
567 3877 627 3923 ut
659 3874 851 3923 Bacch.
885 3881 965 3937 tv,
998 3873 1052 3934 2,
1088 3874 1141 3922 9.
1169 3875 1337 3935 ⁸Men.
1372 3884 1436 3937 n,
1474 3877 1528 3937 8,
1554 3874 1645 3923 54.
1713 3875 1836 3926 Non
1873 3882 2180 3926 correctum
2213 3874 2311 3940 se-

224 3975 337 4021 mel
372 3972 518 4023 idem
555 3970 731 4021 tenuit
764 3972 892 4025 Aul.
922 3984 988 4038 ‚tv
1008 4007 1026 4033 ‚
1062 3973 1127 4031 9,
1159 3971 1229 4035 8,
1266 3971 1355 4022 ubi
1388 3973 1576 4036 semul
1611 3969 1900 4033 Hildyardi
1935 3972 2149 4024 codices
2182 3985 2308 4022 ser-

229 4076 450 4120 varunt.
487 4098 554 4108 —
590 4068 843 4120 Ceterum
872 4068 1064 4119 mirum
1101 4075 1185 4120 est
1218 4068 1377 4120 nulla
1412 4065 1731 4133 antiquioris
1764 4083 1794 4119 e
1826 4065 2043 4120 litterae
2080 4070 2314 4137 vestigia

223 4168 517 4219 Plautinos
559 4167 737 4219 libros
771 4167 826 4219 in
860 4170 1144 4232 protenus
1192 4169 1504 4230 protanam
1553 4179 1849 4229 servasse,
1905 4169 2087 4231 qualia
2140 4171 2315 4222 habes

228 4272 371 4335 apud
407 4270 665 4323 Nonium.

237 4391 375 4432 muti
404 4392 533 4433 00..
557 4392 594 4435 1.
630 4396 665 4436 l.
695 4394 813 4435 trin.
1222 4391 1225 4394 ¹
1869 4403 1912 4449 Θ
