2824 4890
1989 350 2343 415 chxxlx

293 541 534 603 Fateor
581 558 721 599 eam
770 555 921 599 esse
966 538 1383 618 importunam
1429 545 1619 616 atque
1665 537 2156 601 incommodam:

129 666 268 726 sive
314 666 480 725 enim
524 668 614 723 mi
654 664 758 723 vel
803 668 948 743 post
991 680 1130 720 eam
1177 661 1281 720 vel
1320 667 1469 740 post
1499 665 1926 738 importunam
1963 664 2341 743 inserueris,

128 798 267 858 sive
313 816 430 873 eqo
472 805 622 875 post
657 798 903 875 fateor,
961 812 1081 853 non
1129 793 1562 854 reiectaneum
1605 792 1684 854 ab
1747 797 1929 856 initio
1989 796 2337 876 proceleu-

126 929 462 990 smaticum
514 925 810 1005 habebis,
857 926 1005 986 sive
1048 928 1138 983 mi
1177 933 1326 985 ante
1369 945 1510 984 eam
1554 923 1874 986 addideris
1889 969 1910 1006 ,
1977 946 2338 989 mensuram

129 1080 393 1142 prorsus
436 1061 804 1139 legitimam.
889 1058 1047 1120 Plus
1083 1057 1360 1136 scrupuli
1402 1057 1609 1118 fateor
1636 1056 2052 1138 Captivorum
2085 1077 2339 1121 versum

129 1212 226 1273 m,
268 1190 343 1274 3,
389 1190 468 1252 15
512 1191 767 1251 iniicere
818 1189 919 1249 his
981 1187 1178 1269 vnlgo
1241 1175 1453 1249 ve‘rbis
1508 1194 1943 1253 terminatumz
2007 1190 2350 1253 ma'olnino'r

127 1324 452 1386 astatium.
539 1320 785 1410 Verum
834 1317 1000 1378 illius
1044 1336 1279 1379 scenae
1323 1319 1562 1378 exitum
1605 1336 1730 1398 ego
1772 1317 2026 1399 quidem
2073 1337 2344 1401 persna-

126 1472 272 1516 sum
340 1452 548 1514 babeo
616 1450 810 1530 longe
874 1449 1290 1532 gravissimis
1357 1448 1737 1510 vulneribus
1801 1450 2109 1512 afflictum
2177 1469 2345 1513 esse.

128 1586 285 1647 Nee
324 1584 488 1645 enim
536 1584 644 1644 vel
700 1582 1060 1648 sententiae
1115 1583 1176 1642 in
1234 1580 1376 1661 ipso
1435 1580 1561 1643 fine
1603 1590 1783 1644 reete
1830 1584 2182 1664 procedunt
2226 1604 2349 1647 nec

128 1715 523 1797 singulorum
573 1712 803 1795 pedum
849 1730 1148 1774 mensura
1188 1719 1469 1793 constat,
1516 1730 1634 1774 nec
1679 1713 1803 1774 ullo
1848 1714 2034 1776 modo
2075 1717 2346 1777 noviciis

130 1843 485 1909 editoribus
526 1841 673 1904 illud
718 1841 1103 1903 credendum
1149 1850 1273 1915 est,
1318 1851 1466 1922 post
1512 1841 1875 1905 inchoatum
1925 1863 1992 1905 v.
2047 1845 2125 1905 10
2173 1848 2344 1928 legi-

129 1980 357 2040 timum
414 1981 686 2035 metrum
743 1972 1137 2034 trochaicum
1181 1993 1294 2054 per
1337 1976 1573 2036 mixtos
1617 1996 1654 2037 e
1695 1977 2020 2039 trochaico
2070 1989 2132 2040 et
2177 1982 2344 2044 iam-

127 2110 281 2171 bico
328 2125 574 2189 genere
616 2122 873 2181 verensi,
912 2122 1153 2185 eosque
1198 2103 1358 2166 adeo
1398 2107 1717 2185 senarios,
1763 2107 2155 2172 breviculam
2196 2129 2350 2174 sce·

126 2258 279 2301 nam
326 2237 410 2299 ad
455 2239 642 2299 finem
688 2237 948 2318 perduci
992 2240 1161 2299 nullo
1203 2240 1389 2300 animi
1441 2251 1693 2320 praeter
1736 2244 1994 2306 solitum
2049 2249 2354 2312 concitati

129 2374 382 2436 affectu
428 2373 757 2433 variatam.
865 2369 1089 2450 Qualis
1141 2383 1486 2434 metrorum
1532 2365 1879 2456 descriptio
1925 2396 2048 2459 quo
2093 2393 2195 2443 est
2241 2384 2341 2442 in-

127 2505 472 2580 solentior,
519 2522 597 2564 eo
642 2503 941 2564 fidentius
981 2504 1214 2585 aliquid
1261 2504 1619 2567 audendum
1683 2516 1785 2566 est
1853 2509 2095 2586 potius,
2162 2529 2350 2590 quam

128 2636 610 2703 defendendum
675 2634 977 2717 ignavius
1041 2633 1208 2716 quod
1267 2636 1717 2715 probabilitate
1780 2646 2021 2700 careat.
2124 2643 2353 2722 ltaque

130 2796 287 2841 eum
335 2775 584 2835 illorum
631 2788 935 2833 versuum
986 2772 1044 2831 in
1094 2773 1154 2832 B
1202 2770 1361 2832 haec
1403 2770 1661 2851 species
1702 2772 1820 2831 sit:

294 2892 546 2979 'Neque
570 2898 693 2960 iam
732 2898 908 2958 salus
944 2916 1208 2959 seruare
1239 2897 1295 2957 si
1325 2897 1460 2957 uolt
1490 2915 1591 2957 me
1616 2905 1831 2977 potest
1864 2915 1985 2959 neo
2028 2901 2214 2981 copia
2254 2908 2358 2963 est

311 3029 459 3091 Nisi
501 3029 562 3088 si
600 3029 873 3108 aliquam
916 3024 1111 3088 corde
1154 3025 1481 3086 machinor
1521 3027 1859 3090 astuciam.

314 3160 464 3238 Qua
510 3160 738 3219 malum
785 3158 933 3239 quid
979 3157 1303 3218 machiner
1346 3157 1496 3239 quid
1541 3163 1988 3225 comminiscar
2044 3165 2357 3243 maximas

307 3290 550 3370 Nugas
594 3289 866 3370 ineptias
907 3288 1210 3368 incipisse
1257 3288 1520 3351 haereo:

127 3421 678 3509 quemadmodum
724 3419 1143 3481 certissimum
1191 3420 1462 3481 omnium
1498 3429 1651 3499 puto
1689 3425 2011 3482 maa-imus
2040 3431 2102 3483 et
2128 3423 2360 3483 haereo

124 3557 602 3622 vocabulorum
649 3553 844 3616 sedes
888 3563 1274 3633 permutatas
1319 3571 1501 3634 esse,
1545 3554 1633 3615 ita
1670 3553 1753 3617 ad
1796 3557 2148 3619 seeundum
2195 3578 2360 3639 quo-

123 3713 269 3776 que
326 3707 590 3752 versum
655 3687 893 3769 aliquid
964 3688 1278 3749 turbarum
1344 3688 1728 3769 pertinuisse
1786 3691 2087 3773 intelligo.
2194 3690 2366 3753 Vide

125 3833 337 3915 igitur
385 3847 530 3889 num
579 3827 798 3888 luxata
843 3824 1124 3887 membra
1167 3842 1292 3898 non
1343 3826 1558 3906 inepte
1601 3825 1726 3887 hoo
1784 3827 2083 3909 exemplo
2128 3844 2364 3889 recon-

124 3966 522 4027 cinnentur:

316 4084 559 4166 Neque
604 4085 801 4148 Salus
847 4082 1151 4165 seruare,
1200 4084 1256 4145 si
1301 4083 1465 4162 uolt,
1509 4085 1900 4161 :nepotestz
1950 4097 2069 4142 nec
2112 4078 2364 4161 cdpiast

316 4209 471 4289 [Me
515 4208 954 4291 expediundi,]
1000 4206 1119 4272 nisi
1179 4210 1234 4272 si
1299 4208 1600 4270 astutiam
1663 4204 1933 4288 aliquam
1980 4209 2170 4272 corde
2214 4210 2357 4274 md-

1507 4329 1744 4393 chinor.
