2824 4890
1949 351 2335 428 CCLXXV·

296 533 392 608 'In
433 545 576 608 foro
619 561 877 624 operam
923 540 1146 605 amicis
1189 542 1296 621 da,
1340 562 1427 606 ue
1470 544 1531 607 in
1574 543 1742 609 lecto
1785 546 2056 626 amicae,
2100 559 2170 613 ut
2215 548 2337 612 sd·-

1534 678 1685 741 litus
1726 698 1818 743 es.

297 804 415 868 Μέ
458 822 834 889 germanam
876 796 1086 867 meam
1129 821 1416 867 sororem
1459 806 1521 868 in
1568 803 2055 873 edueubinatum
2099 811 2228 877 tibi.

131 975 278 1036 Nou
325 974 536 1054 magis
579 989 788 1033 rarum
833 973 1258 1052 posterius
1301 992 1514 1054 genus
1557 984 1686 1056 est,
1734 974 2157 1041 adventiciam
2200 979 2341 1060 ple-

135 1123 404 1186 rumque
431 1103 677 1167 habens
721 1101 1012 1183 pudieam
1058 1119 1392 1167 caesuram
1427 1113 1575 1186 post
1607 1107 1856 1170 tertiam
1885 1110 2109 1173 arsimz
2154 1112 2342 1175 'cuius

130 1242 294 1304 haee
344 1260 383 1302 e
428 1240 793 1301 Trinummo
851 1238 1150 1317 exempla
1208 1237 1429 1300 notavi
1491 1259 1555 1300 v.
1616 1236 1760 1302 358.
1819 1238 1961 1303 373.
2007 1241 2154 1307 604.
2194 1242 2343 1307 646.

129 1374 274 1437 661.
321 1372 466 1436 985.
516 1371 696 1434 ¹049.
746 1366 937 1434 1173:

303 1538 477 1621 Quoi
520 1550 584 1603 tu
622 1539 985 1625 egestate'm
1024 1539 1297 1602 tolerare
1326 1531 1481 1599 uis?
1528 1539 1786 1619 loquere
1815 1535 2128 1600 audacter
2154 1541 2339 1618 patri.

305 1669 463 1735 Scin
496 1681 563 1734 tu
593 1672 759 1733 illum
789 1689 914 1753 quo
938 1668 1180 1754 genere
1202 1676 1439 1750 gnatus
1465 1662 1601 1730 sit?
1632 1667 1787 1729 Seio
1815 1665 2099 1748 adprime
2121 1669 2342 1750 probo.

300 1800 483 1882 Quoi
531 1804 765 1865 homini
811 1800 1195 1884 despdudit?
1249 1800 1524 1884 Lysiteli
1565 1803 1880 1865 Philtonis
1923 1800 2074 1865 filio.

309 1921 434 1997 'Ad
478 1934 912 2014 quaerundum
960 1930 1289 1994 homin-em:
1355 1941 1422 1994 tu
1469 1928 1678 1995 fecisti
1724 1941 1790 1994 ut
1833 1929 2111 1996 difficilis
2155 1935 2341 1999 foret.

313 2066 575 2148 Pei-peti
619 2064 900 2149 nequedz
944 2067 1124 2127 simul
1171 2086 1272 2128 me
1316 2065 1521 2150 piget,
1566 2084 1786 2146 parum
1827 2067 2070 2148 pudere
2113 2078 2197 2134 te.

305 2195 793 2280 Quamdiu-em?
841 2200 1005 2277 Quia
1048 2199 1217 2262 illum
1266 2219 1453 2282 quem
1497 2198 1840 2261 ementitus
1885 2197 1988 2282 es,
2030 2219 2160 2283 ego
2197 2218 2344 2267 sum

1542 2335 1724 2410 ipsus
1766 2315 2164 2397 Charmides.

306 2463 437 2546 Qui
480 2467 560 2528 nil
606 2466 837 2528 meriti:
887 2461 1120 2547 quippe
1165 2481 1384 2526 eorum
1426 2482 1512 2525 ex
1554 2460 1809 2546 ingenio
1851 2465 2181 2545 ingenium
2218 2464 2345 2528 ho-

1535 2594 1674 2659 rum
1715 2596 2001 2676 probant.

301 2728 684 2794 Miserumst
737 2731 904 2793 male
968 2727 1308 2812 promerita
1369 2737 1434 2790 ut
1496 2728 1718 2791 merita
1771 2725 1940 2811 sint,
2004 2728 2061 2790 si
2115 2728 2340 2792 ulcisoi

1545 2856 1669 2922 udn
1714 2853 1880 2922 liee‘t.

136 3032 464 3114 Qualibus
505 3031 670 3093 satis
711 3042 791 3093 ea
832 3045 1063 3091 versus
1092 3026 1297 3089 forma
1327 3024 1702 3107 defenditur,
1747 3043 1935 3108 quam
1967 3022 2344 3092 Euenum

129 3161 734 3230 commendavimus
778 3179 837 3239 p.
881 3175 1055 3222 cmx.
1142 3157 1531 3238 Ambiguum
1585 3165 1687 3219 est
1742 3154 1825 3217 ad
1879 3162 2089 3218 utrum
2129 3172 2343 3239 genus

129 3296 503 3379 pertineant
545 3291 713 3353 Trin.
753 3288 898 3352 3²9.
943 3288 1179 3351 bacch.
1224 3287 1344 3351 442

249 3446 254 3449 ’
310 3440 416 3505 De
439 3459 615 3504 meo:
658 3457 803 3503 nam
830 3437 1005 3521 qudd
1035 3445 1316 3519 tuumst,-
1346 3432 1647 3516 meumst,
1689 3454 1878 3497 omne
1901 3442 2111 3496 autem
2132 3425 2347 3498 meum

1477 3581 1737 3636 tuumst.

310 3706 626 3773 Simulato
670 3729 773 3773 me
813 3707 1050 3773 amare.
1136 3710 1366 3773 Vtrum
1412 3729 1538 3794 ego
1591 3707 1776 3774 ioedn
1836 3711 1895 3774 id
1935 3713 2224 3776 simulem
2265 3732 2347 3777 au

1468 3840 1639 3904 serio
1655 3840 1687 3905 ἓ

129 3991 398 4053 Harum
452 3999 669 4051 autem
730 3990 914 4051 trium
978 4006 1385 4052 caesurarum
1434 3988 1532 4060 (h.
1577 4006 1632 4050 e.
1676 3986 1933 4051 duarum
1977 3987 2351 4049 vicariatum

129 4124 505 4205 tertiaeque
547 4124 901 4204 legitimae)
945 4123 1000 4185 si
1044 4123 1149 4204 qui
1182 4138 1411 4185 versus
1436 4123 1672 4183 nullam
1700 4121 1916 4199 habet,
1961 4136 2083 4179 uon
2110 4124 2215 4180 est
2238 4135 2352 4197 pro

129 4258 509 4337 incorrupto
567 4252 938 4319 habendus:
996 4254 1121 4317 nisi
1177 4251 1349 4335 quod
1406 4250 1752 4332 singularis
1795 4249 2135 4313 excusatio
2180 4248 2353 4314 'ri-in.
