2824 4890
1988 373 2275 438 cxxln

152 562 257 609 cum
293 546 425 612 nihfl
450 566 583 611 eum
623 548 732 608 ille
769 550 1135 629 pronomine
1179 565 1516 613 commune
1554 552 1788 616 habeat
1830 553 1995 630 ilico,
2043 555 2278 619 factum

146 701 208 744 ex
242 688 299 744 in
335 684 492 745 loco.-
547 704 659 766 pro
715 703 839 765 quo
898 702 1163 765 prorsus
1208 684 1713 748 commenticiam
1771 687 1944 748 eloco
1986 689 2279 769 formam,

144 815 265 879 miro
299 819 567 881 acumine
609 837 645 878 a
690 815 1006 880 Gulielmo
1055 817 1364 880 Verisim.
1409 837 1480 897 n,
1529 819 1607 880 13
1646 826 2108 903 excogitatam,
2154 841 2280 885 nou

142 951 306 1011 minus
352 960 553 1013 autem
612 952 766 1013 miro
809 948 1040 1013 iudicio
1087 969 1126 1012 a
1172 947 1505 1013 Gronovio
1549 954 1609 1012 in
1659 951 1895 1032 Epidio.
1942 952 2117 1040 1,.1,
2165 950 2283 1013 137

138 1083 452 1166 probatam,
519 1094 760 1148 temere
822 1086 884 1148 in
952 1087 1157 1167 ipsum
1224 1087 1521 1148 Plautum
1589 1086 1855 1147 Bothius
1923 1087 2147 1147 intuiIt.
2196 1113 2278 1132 --

138 1211 304 1277 Vnum
340 1214 476 1278 iilud
523 1218 817 1279 Becker-o
863 1215 1343 1279 concedendum
1407 1226 1548 1296 est,
1606 1236 1966 1299 quanquam
2020 1235 2144 1278 non
2197 1217 2278 1278 ab

137 1344 232 1408 hoc
260 1347 486 1412 demum
515 1359 943 1432 perspectum,
985 1348 1371 1431 geminatam
1419 1352 1446 1411 Ι
1487 1351 1757 1412 litteram
1791 1348 1853 1410 in
1894 1348 2285 1430 longioribus

137 1479 457 1557 quibusdam
522 1484 864 1546 vocabulis
923 1484 1276 1547 accedente
1328 1484 1397 1544 vi
1452 1493 1758 1545 accentus
1815 1483 2277 1563 correptionem

132 1627 337 1687 passam
392 1631 573 1691 esse,
641 1625 708 1676 ut
768 1615 827 1676 in
875 1611 1297 1688 sn'mi'llumae,
1365 1614 1467 1676 cui
1524 1613 1910 1676 simillimum
1968 1607 2283 1675 militum

132 1743 261 1805 Tria.
292 1765 342 1808 v.
382 1746 537 1823 833,
604 1749 709 1810 ubi
772 1749 1270 1828 transpositione
1313 1767 1391 1810 eo
1441 1750 1650 1811 minus
1695 1768 1858 1831 opus
1903 1756 2037 1829 est,
2109 1747 2281 1835 quod

130 1877 239 1939 iliud
278 1890 367 1942 est
407 1887 467 1943 in
512 1882 750 1944 cantici
794 1900 988 1944 versu
1035 1882 1395 1944 octonario:
1465 1900 1587 1964 quo
1638 1881 1953 1945 accedunt
1989 1869 2277 1960 εαμέἰὶἆ-

126 2011 272 2085 ctae‘le,
325 2012 769 2093 e'oepapi'lla‘lo:
838 2032 978 2075 nam
1023 2011 1102 2074 de
1139 2014 1480 2076 cavillator
1536 2014 1858 2074 cavillatio
1912 2011 2095 2074 aliter
2138 2019 2282 2075 sta·

127 2148 299 2204 tuetur
334 2143 511 2206 infra.
600 2142 737 2207 Sed
782 2163 862 2205 ne
905 2143 1068 2205 haec
1112 2142 1364 2226 quidem
1412 2143 1665 2204 licentia
1711 2142 1873 2205 ultra
1927 2160 2277 2223 paucorum

122 2275 526 2339 vocabulorum
583 2285 759 2338 certa
804 2276 1098 2355 exempla
1144 2286 1505 2358 evagatur:
1566 2296 1683 2339 nec
1733 2277 1859 2338 ullo
1903 2274 2090 2337 modo
2135 2275 2284 2337 licet

117 2407 320 2474 illorum
371 2413 698 2475 societate
755 2412 933 2474 velut
976 2410 1264 2489 libellus,
1320 2405 1513 2488 pellis
1566 2405 2142 2488 comprehendere,
2201 2423 2281 2471 ac

117 2559 183 2603 ne
225 2546 381 2608 nllus
440 2546 701 2629 quidem
760 2547 867 2607 vel
926 2548 1168 2609 nullus.
1257 2546 1465 2606 Multo
1531 2543 1737 2604 miuus
1801 2541 1950 2601 licet
2009 2539 2087 2600 ab
2139 2533 2284 2598 ἔσω

120 2675 390 2752 proficisci
434 2679 515 2743 ad
556 2677 773 2759 passe,
821 2673 1033 2755 fuissit,
1073 2676 1325 2740 dedisse
1369 2672 1791 2754 defendenda,
1837 2681 1946 2733 aut
1994 2668 2157 2732 adeo
2203 2665 2285 2733 de

116 2813 378 2891 correptis
416 2819 498 2893 ff,
546 2831 713 2888 mm,
759 2830 884 2883 nn,
924 2830 1042 2889 pp,
1089 2829 1184 2887 rr,
1227 2815 1280 2869 u
1318 2807 1543 2868 litteris
1592 2804 1876 2885 cogitare
1918 2802 2066 2875 (nisi
2112 2799 2283 2883 quod

117 2949 170 3002 et
218 2946 591 3028 singularem
659 2953 724 3005 et
778 2948 1176 3003 constantem
1241 2941 1548 3003 rationem
1616 2956 1763 2999 esse
1824 2924 2116 3014 Philippa·
2174 2936 2280 2998 ve!

117 3074 395 3157 Philippei
441 3079 718 3141 nominis
765 3082 1097 3147 coustant
1162 3077 1456 3162 quamvis
1514 3077 1727 3137 talium
1773 3075 1952 3136 ferax
2002 3074 2284 3136 Schnei-

115 3209 219 3273 deri
256 3216 461 3295 p.736
503 3234 651 3297 sqq.
698 3214 986 3276 doctrina
1029 3211 1334 3293 evaserit,
1385 3220 1452 3272 ut
1494 3206 1774 3273 ditemus
1817 3205 2122 3270 cfr-raboni
2161 3203 2288 3267 ἄη-

109 3361 246 3405 nona
284 3342 499 3426 Affinis
546 3345 772 3407 formis
819 3342 1140 3425 probatis,
1204 3341 1547 3422 deditaque
1604 3339 1767 3401 adeo
1813 3355 2005 3418 opera
2049 3327 2287 3413 sagitta

113 3471 560 3558 Kampmannus
607 3476 688 3539 de
733 3476 861 3537 reb.
908 3474 1081 3536 mitit.
1128 3473 1220 3537 Pl.
1254 3494 1314 3553 p.
1337 3471 1422 3534 36
1466 3469 1820 3533 defenderit
1867 3469 1930 3530 in
1970 3487 2047 3531 eo
2085 3486 2284 3531 versu

111 3608 296 3684 (Pers.
336 3632 394 3694 1,
449 3615 525 3693 1,
572 3611 739 3690 25),
805 3610 907 3671 cui
968 3608 1149 3670 unius
1212 3604 1504 3687 syllabae
1567 3604 2062 3685 transpositione
2120 3603 2288 3668 iusta

105 3759 372 3808 mensura
414 3748 825 3807 restituatur:

218 4109 333 4150 uem
370 4099 679 4164 videantur,
713 4099 851 4149 satis
884 4111 1050 4162 supra
1086 4097 1451 4162 significatum
1478 4098 1563 4145 est
1598 4100 1788 4146 annot.
1827 4109 1874 4155 p.
1895 4106 2096 4144 mxxv.
2167 4091 2289 4160 Quo

220 4196 389 4250 miuus
424 4202 494 4250 de
530 4200 579 4249 si
612 4201 664 4250 in
701 4213 802 4250 seu
835 4202 1090 4250 mutando
1126 4194 1388 4261 cogitabis
1427 4196 1580 4256 capt.
1617 4209 1656 4257 r,
1691 4196 1747 4256 2,
1782 4198 1849 4245 ὅτ

481 4320 652 4372 sinito
688 4322 979 4388 ambulare,
1016 4322 1063 4374 st
1099 4322 1255 4384 soris,
1291 4322 1339 4372 si
1372 4320 1518 4371 iutus
1556 4318 1760 4370 uolent.
