2824 4890
464 332 710 398 cxcn

628 517 794 599 Quis
843 539 945 582 me
986 522 1324 601 improbior
1369 520 1779 603 perhibeatur
1822 521 2013 583 dece?
2056 525 2213 585 haec
2255 525 2706 608 famigeratio,

633 642 828 718 'Abiit
871 655 1087 720 hercle
1129 657 1260 718 ille.
1288 655 1523 736 ecquid
1559 656 1769 737 andis,
1816 644 2200 740 Ly'siteles?
2246 677 2367 739 ego
2408 658 2476 721 te
2519 663 2702 725 uolo.
2735 656 2742 662 ’

633 788 1099 870 Inspectasque
1132 805 1296 849 esee.
1340 793 1409 849 in
1465 777 1824 850 huiusmodi
1870 786 2152 872 negotio.

630 919 1091 1004 Spurciflcum,
1152 921 1531 1004 immanem,
1603 917 2102 1001 intolerandum,
2168 921 2505 984 caesanam.
2568 942 2703 999 eye

1811 1058 2036 1110 contra
2097 1046 2292 1130 opera
2348 1061 2703 1131 expertus.

629 1168 744 1243 'Vt
784 1182 952 1243 sciat
987 1198 1064 1242 se
1101 1180 1482 1257 perdidisse.
1528 1198 1641 1255 eqo
1681 1177 1864 1240 abeo.
1911 1180 2073 1241 male
2116 1181 2265 1242 uiue
2312 1179 2381 1242 et
2424 1182 2597 1243 nale.

631 1311 989 1376 Memoriae
1031 1330 1181 1375 esse
1220 1312 1526 1374 oblitum?
1588 1332 1676 1374 an
1731 1331 1920 1387 uero,
1977 1309 2124 1395 quia
2177 1325 2244 1375 tu
2317 1335 2458 1377 cum
2509 1316 2695 1398 Frugi

1798 1440 2173 1505 hominibus.

634 1576 846 1643 Nimis
891 1580 1348 1662 pergraphicus
1409 1577 1831 1656 εάσορήαηια.
1886 1581 1945 1637 is
2007 1572 2173 1637 mille
2238 1595 2568 1642 nummum
2614 1600 2697 1643 se

1798 1704 2084 1771 aureum.

634 1837 829 1902 Sdlus
874 1846 997 1909 sto,
1050 1856 1170 1901 nec
1216 1835 1386 1918 quod
1438 1847 1707 1901 conatus
1743 1857 1886 1902 sum
1919 1839 2143 1924 agere,
2184 1846 2352 1922 ayo?
2396 1847 2694 1909 leontina

1800 1970 2165 2056 conloquar.

472 2117 728 2196 Quibus
773 2122 1125 2202 propinqua
1165 2120 1331 2183 haec
1372 2131 1556 2183 sunt:
1628 2140 1691 2182 v.
1755 2119 1896 2183 391.
1954 2121 2102 2184 590.
2157 2123 2299 2186 624.
2344 2099 2493 2187 704.
2540 2125 2691 2190 746.

461 2248 605 2313 799.
658 2248 837 2315 1068.
888 2233 1067 2313 nos.
1810 2227 1817 2237 ’

638 2403 924 2485 Ergone,
964 2404 1067 2484 qui
1113 2412 1239 2465 tam
1285 2420 1471 2465 rarus
1516 2402 1732 2465 hiatus
1776 2403 1861 2466 ibi
1908 2404 2050 2486 fuit,
2097 2406 2203 2466 ubi
2247 2422 2455 2486 pausa
2482 2421 2686 2486 quae-

469 2534 616 2598 dam
661 2541 850 2600 vocis
896 2557 1022 2599 non
1068 2546 1306 2599 tantum
1367 2536 1741 2600 offensionis
1784 2535 1931 2598 nihil
1987 2537 2102 2598 sed
2147 2536 2311 2598 adeo
2351 2537 2681 2617 plurimum

459 2665 1029 2729 commendationis
1089 2666 1398 2749 haberet,
1471 2687 1739 2747 eumne,
1805 2668 1909 2731 ubi
1959 2668 2039 2730 ab
2085 2666 2306 2729 eadem
2356 2676 2539 2748 parte
2579 2687 2663 2728 ne

467 2801 908 2862 excusationis
953 2799 1205 2881 quidem
1249 2803 1590 2883 quicquam
1638 2809 1930 2882 paratum
1978 2813 2102 2881 est,
2149 2801 2461 2880 patienter
2507 2800 2675 2860 tole-

461 2940 666 2992 ratum
721 2950 873 2993 esse
918 2934 1428 2995 existimabimus
1472 2945 1538 2995 et
1582 2945 1833 3015 praeter
1875 2934 2183 2995 rationem
2222 2951 2484 3014 pausam
2522 2951 2671 3013 pro-

467 3065 793 3127 nuntiandi
842 3067 1160 3147 placuisse
1206 3067 1311 3129 ubi
1353 3069 1718 3129 sententiae
1759 3066 1934 3129 nulla
1975 3062 2208 3128 esset?
2313 3068 2398 3128 Et
2437 3066 2563 3127 hoc
2606 3076 2672 3128 nt

464 3203 623 3264 artis
681 3199 922 3267 fuerit?
986 3211 1052 3263 et
1110 3202 1453 3265 Plautinae
1511 3201 1703 3284 artis,
1760 3201 1948 3264 cuius
2020 3210 2261 3263 tantam
2305 3202 2371 3262 in
2423 3200 2671 3281 reliquis

466 3333 755 3412 partibus
797 3333 1189 3396 senariorum
1236 3337 1870 3414 septenariorumque
1899 3332 2371 3394 condendorum
2396 3334 2672 3394 omnibus

472 3467 859 3551 elegantiam
904 3475 1132 3533 merito
1193 3466 1626 3532 admiramur?
1717 3470 1852 3529 Aut
1907 3466 2033 3528 hoc
2093 3476 2568 3547 praeposterum
2609 3473 2672 3524 et

452 3582 851 3685 incredibile,
904 3613 1016 3666 aut
1066 3604 1237 3666 nihil.
1332 3602 1481 3664 Nec
1542 3619 1699 3662 vero
1774 3599 2034 3661 diversa
2089 3599 2248 3661 ratio
2315 3608 2418 3659 est
2464 3616 2668 3659 eorum

465 3737 929 3817 exemplorum,
972 3736 1033 3798 in
1094 3736 1323 3817 quibus
1375 3735 1564 3796 vocis
1630 3731 2037 3796 intervallum
2102 3729 2417 3813 quoddam
2471 3750 2586 3791 non
2633 3748 2669 3790 e

459 3871 801 3949 sententia,
846 3868 963 3933 sed
1004 3891 1043 3932 e
1086 3868 1450 3931 numeris
1493 3876 1710 3949 aptum
1755 3876 1873 3928 est.
1957 3866 2189 3948 Longe
2231 3866 2664 3927 creberrimum

465 4027 616 4071 esse
659 4009 912 4070 hiatum
957 4008 1022 4069 in
1067 4006 1294 4069 mediis
1342 4009 1730 4071 tetrametris
1775 4008 2063 4071 iambicis
2094 4016 2378 4072 constatt
2424 4025 2539 4067 non
2568 4025 2666 4066 ra-

467 4157 606 4200 rum
668 4141 729 4201 in
792 4138 1226 4221 anapaesticis
1297 4140 1714 4223 creticisque:
1775 4158 1898 4203 nec
1961 4139 2232 4202 eundem
2289 4158 2331 4201 a
2392 4136 2666 4200 mediis

470 4271 946 4333 trochaicis
989 4272 1501 4351 septenariis
1547 4273 1705 4334 artis
1748 4270 2151 4335 consuetudo
2190 4269 2489 4334 exclusit.
2532 4269 2662 4331 Ve-
