2824 4890
454 348 752 418 cxvnl

452 537 644 597 mium
690 533 1015 614 tribuisse,
1061 532 1216 594 illud
1265 541 1332 594 ut
1372 531 1583 612 potius
1625 550 1858 594 verear
1884 550 1964 595 ne
1992 531 2320 613 asperiora
2347 527 2660 611 quaedam

452 668 644 730 nimia
690 665 995 747 patientia
1032 664 1369 746 reliquisse
1408 663 1611 745 dicar,
1654 681 1821 746 quae
1862 664 2070 726 futura
2101 672 2284 725 aetas
2314 679 2438 722 non
2465 661 2666 742 magis

457 817 652 882 quam
699 817 739 861 a
780 815 884 860 me
927 814 1096 859 nunc
1138 795 1410 876 expulsa
1456 796 1798 857 toleratura
1840 796 1941 856 sit.
2027 797 2098 858 ln
2142 795 2370 877 quibus
2414 802 2569 856 sunt
2592 794 2672 856 de

461 936 694 1018 quibus
736 936 860 997 iam
907 951 1076 996 nune
1111 935 1409 1015 incipiam
1456 933 1603 996 mihi
1649 934 1789 1014 ipse
1830 951 2242 998 suscenserez
2288 934 2473 996 velut
2505 932 2672 1016 quod

454 1090 582 1131 non
645 1068 941 1131 severius
1007 1067 1297 1129 consului
1367 1065 1449 1128 de
1506 1061 1818 1128 senectuti
1877 1086 1941 1128 v.
1987 1066 2114 1129 398
2176 1086 2290 1150 pro
2352 1075 2672 1151 senectae,

459 1221 604 1266 cum
649 1201 736 1280 ei,
783 1201 954 1284 quod
999 1203 1269 1285 aliquam
1318 1205 1807 1265 excusationem
1839 1201 2139 1281 admittit,
2190 1209 2477 1283 praestet
2511 1199 2680 1283 quod

456 1354 541 1397 ne
585 1342 776 1417 egeat
815 1332 1064 1415 quidem
1110 1336 1561 1416 excusatione,
1603 1335 1909 1415 peritique
1954 1342 2183 1416 poetae
2210 1336 2293 1396 sit
2319 1331 2402 1395 de
2428 1333 2679 1396 duabus

458 1466 681 1530 formis
727 1464 1011 1528 bonitate
1071 1466 1329 1548 paribus
1387 1485 1528 1528 eam
1587 1464 1873 1549 deligere
1930 1483 2095 1547 quae
2159 1474 2389 1546 suapte
2450 1472 2682 1527 natura

464 1607 668 1662 metro
717 1599 801 1661 sit
841 1597 1398 1662 accommodatior.
1488 1596 1862 1682 Quanquam
1926 1605 1990 1662 in
2054 1600 2176 1662 hac
2220 1607 2403 1681 parte
2443 1618 2528 1660 eo
2579 1617 2679 1660 me

462 1733 798 1813 aequiores
841 1730 1086 1794 iudices
1129 1736 1540 1811 experturum
1585 1730 1859 1809 confido,
1906 1751 2030 1812 quo
2060 1736 2359 1793 incertior
2390 1734 2678 1812 ipsorum

462 1862 686 1926 finium
734 1862 978 1926 illorum
1025 1861 1373 1943 descriptio
1419 1869 1557 1939 est,
1617 1880 1781 1942 quos
1842 1864 2003 1925 ultra
2057 1865 2338 1944 citraque
2402 1875 2684 1948 nequeat

463 1996 819 2066 consistere
852 2006 1109 2062 rectum.

638 2138 724 2199 Et
766 2137 1008 2200 initium
1070 2138 1325 2221 quidem
1368 2141 1578 2205 habeo
1623 2157 1739 2203 cur
1780 2159 1818 2202 a
1864 2140 2258 2222 neglecta
2315 2138 2395 2199 vi
2456 2137 2686 2216 posi-

469 2272 729 2335 tionis
775 2270 1042 2353 capiam.
1091 2271 1239 2351 Qua
1283 2276 1344 2334 in
1390 2293 1460 2335 re
1505 2274 1817 2336 Plautinis
1858 2273 2093 2333 criticis
2125 2272 2440 2334 maximae
2467 2271 2684 2333 fraudi

470 2411 619 2471 sive
660 2409 940 2503 Terentii
981 2410 1125 2474 sive
1171 2410 1516 2476 Bentleiani
1560 2410 1841 2474 Terentii
1886 2411 2244 2490 exemplum
2293 2407 2436 2471 fuit.
2529 2409 2681 2472 Non

470 2557 776 2625 quaeram
819 2560 990 2605 nunc
1032 2552 1237 2606 utrum
1278 2544 1641 2625 asperiores
1685 2543 1804 2604 sibi
1846 2560 2035 2623 quam
2077 2541 2348 2602 Plautus
2378 2556 2684 2604 numeros

473 2674 815 2735 Terentius
856 2673 1208 2757 indulserit,
1254 2695 1334 2737 an
1362 2675 1549 2738 huius
1577 2673 1973 2754 comoediae,
2019 2681 2086 2734 ut
2113 2670 2463 2734 studiosius
2493 2673 2689 2735 etiam

474 2822 662 2885 quam
724 2805 1065 2869 Plautinae
1129 2816 1192 2869 et
1253 2809 1581 2871 lectitatae
1637 2818 1701 2871 et
1756 2828 1795 2871 a
1848 2807 2281 2891 grammaticis
2343 2813 2690 2882 tractatae,

463 2934 723 2995 maioris
766 2935 1147 3018 integritatis
1190 2941 1483 3018 speciem
1526 2940 1903 3002 mentiantur
1930 2948 2202 3018 tantum,
2246 2955 2474 3018 reapse
2525 2939 2688 3001 adeo

469 3068 837 3148 graviorem
903 3069 1452 3151 interpolationem
1523 3090 1762 3154 passae
1824 3073 1990 3135 sint:
2057 3070 2222 3153 quod
2288 3080 2358 3133 ut
2425 3072 2688 3135 credam

470 3219 595 3263 non
651 3203 833 3264 leves
899 3220 1005 3266 me
1062 3220 1339 3267 caussae
1406 3212 1718 3266 movent:
1786 3211 2029 3267 tantum
2097 3204 2689 3284 exploratissimum

464 3338 718 3419 habeo,
764 3356 905 3400 eam
951 3339 1411 3418 correptionum
1458 3337 1956 3414 multitudinem,
2002 3353 2189 3420 quam
2235 3338 2296 3399 in
2340 3338 2688 3401 schedias-

470 3479 642 3536 mate
685 3492 809 3536 suo
855 3492 1061 3555 aequo
1117 3472 1327 3535 animo
1370 3473 1699 3535 Bentleius
1757 3473 1930 3554 tulit,
1993 3491 2032 3535 a
2076 3472 2367 3535 Plautina
2427 3474 2686 3554 quidem

469 3617 609 3669 arte
652 3625 804 3669 esse
845 3607 1322 3671 alienissimam.
1412 3605 1790 3689 Quanquam
1852 3608 2038 3669 etiarn
2098 3606 2267 3687 apud
2314 3606 2692 3669 Terentium

473 3738 762 3821 quantilli
805 3741 1040 3823 negotii
1087 3749 1198 3802 aut
1239 3741 1581 3822 quantillae
1636 3757 1876 3821 quaeso
1939 3739 2245 3803 audaciae
2310 3748 2449 3820 est,
2505 3734 2697 3803 ,velut

471 3876 535 3935 in
579 3872 780 3954 prima
824 3872 1104 3934 Andriae
1148 3892 1345 3936 scena
1389 3872 1640 3935 duriora
1687 3872 1788 3936 illa
1845 3881 1910 3934 et
1944 3864 2021 3934 'id
2056 3881 2344 3951 gratum,
2393 3874 2513 3934 sed
2559 3867 2683 3936 1530

467 4008 633 4067 milae·
671 4007 766 4070 sic
811 4026 1185 4071 removere:

630 4135 717 4197 Et
763 4135 1015 4216 gratum
1061 4137 1121 4199 id
1165 4138 1372 4202 fuisse
1415 4137 1760 4203 adndrsum
1804 4148 1872 4202 tc
1918 4138 2122 4202 liabeo
2170 4138 2455 4221 gratiam.

626 4266 743 4329 Set
787 4266 911 4330 hoc
957 4269 1390 4336 molestumst:
1440 4270 1584 4334 nam
1631 4272 1838 4335 istaec
1882 4269 2426 4334 commemoratio.
