2824 4890
1993 370 2272 436 cxmx

161 535 311 597 Velut
347 534 740 619 Captivorum
784 555 1038 602 versum
1086 560 1172 622 u,
1224 543 1287 624 2,
1334 542 1420 606 93
1477 545 1621 625 quis
1669 549 1893 613 credet
1944 569 1982 614 a
2043 564 2273 634 poetae

159 682 304 726 manu
340 666 508 727 talem
552 666 896 746 prodiisse:

275 794 383 872 Qui
410 802 510 858 tua
534 815 700 880 quae
731 806 795 860 ιιι
821 800 1071 865 miseris
1103 805 1404 870 mandata
1428 812 1516 873 ita
1549 819 1619 874 ut
1646 812 1812 875 uelis
1831 813 2115 894 perferat
2137 817 2266 884 -8

150 921 245 986 vbi
279 944 402 989 cum
441 931 501 990 in
544 930 605 990 B
646 947 769 990 non
811 933 1063 1013 miseras
1099 933 1218 1014 sit,
1276 936 1397 1000 sed
1454 943 1720 1021 iufferis,
1787 944 2115 1024 probabile
2170 960 2272 1014 est

144 1057 419 1139 scripsisse
462 1058 751 1122 Plautum

271 1185 382 1267 Qui
417 1198 546 1273 tua,
592 1210 755 1274 quae
799 1189 1022 1273 iussis,
1067 1195 1363 1260 mandata
1391 1199 1502 1282 ita,
1546 1200 1618 1266 uit
1651 1206 1834 1289 uelis,
1879 1208 1935 1271 ei
1961 1208 2268 1295 perferat,

141 1322 248 1386 coll.
278 1341 357 1406 ιι,
394 1323 463 1407 3,
511 1325 606 1390 17.
711 1326 1110 1392 Cistellariae
1166 1338 1379 1394 autem
1423 1350 1471 1413 1,
1520 1334 1579 1415 1,
1621 1337 1707 1400 47
1746 1327 1930 1422 quis,
1985 1343 2110 1406 nisi
2164 1346 2268 1430 qui

137 1461 484 1542 ignorantiam
527 1464 756 1548 prodat
801 1485 1010 1548 suam,
1055 1467 1239 1530 aliter
1283 1488 1472 1551 quam
1513 1473 1607 1536 sie
1649 1471 2035 1540 dimetietur:

238 1594 613 1680 Nece'ssest,
659 1616 784 1680 quo
812 1606 876 1660 tu
904 1596 1006 1660 ιιιό
1033 1597 1221 1661 modo
1255 1600 1437 1662 uole's
1465 1619 1636 1683 esse,
1683 1601 1773 1667 ita
1817 1624 1990 1689 esse,
2034 1607 2265 1673 mater:

132 1718 212 1782 nbi
238 1723 452 1788 minime
484 1734 774 1807 praestat
804 1728 980 1789 uoles
1016 1731 1196 1790 modo
1236 1738 1670 1813 transponere.
1759 1735 2001 1800 Contra
2042 1747 2260 1801 trans-

130 1854 341 1929 ponendi
380 1877 495 1919 non
533 1841 879 1939 pauciores
921 1877 1106 1940 quam
1152 1862 1428 1944 quinque
1474 1865 1624 1928 viae
1668 1877 1887 1949 patent
1921 1871 1980 1933 in
2017 1851 2250 1937 Bacch.

126 2002 160 2065 ι,
194 1984 241 2066 1,
274 1987 349 2051 50
386 1987 600 2054 verbis
656 1991 779 2052 Vbi
810 1999 882 2052 tu
923 1991 1127 2070 lepide
1168 1994 1347 2056 uoles
1386 2015 1530 2057 esse
1575 1999 1752 2057 tibi.-

380 2111 525 2188 'vbi
572 2126 762 2188 uoles
808 2134 873 2188 ιιι
915 2123 1120 2206 lepide
1163 2144 1312 2188 esse
1356 2126 1500 2188 tibi:

388 2252 531 2328 'Vbi
580 2265 769 2326 uoles
809 2272 878 2325 tu
921 2262 1072 2326 esse
1115 2264 1222 2326 tibi
1267 2261 1505 2344 lepide:

388 2383 529 2459 'vbi
574 2394 763 2457 uoles
804 2401 869 2455 tu
914 2388 1026 2455 tibi
1069 2410 1220 2456 esse
1264 2391 1503 2476 lepide:

123 2686 134 2693 '
217 2686 275 2733 ad
305 2698 427 2747 quas
458 2683 871 2736 emendationes
903 2696 972 2733 ex
1005 2686 1158 2747 parte
1178 2682 1414 2744 ipsorum
1437 2685 1685 2751 vestigiis
1710 2685 1970 2740 librorum
1997 2691 2255 2744 ducimur.

215 2782 438 2840 Eiusdem
474 2801 677 2840 scenae
712 2803 766 2837 v.
804 2782 878 2836 78
912 2789 1368 2850 transponendum
1404 2774 1687 2853 qudi-tuor
1720 2780 2014 2842 uolturios
2047 2792 2252 2844 iacit.

214 2874 594 2952 Honosyllaba,
632 2887 680 2936 si
715 2885 799 2935 dis
833 2887 1035 2950 placet,
1072 2884 1281 2936 uides
1311 2887 1489 2937 forma
1524 2902 1559 2938 a
1595 2890 1791 2940 Waslo
1813 2904 1863 2953 p.
1888 2891 1996 2941 197
2024 2892 2252 2945 affertur

210 2995 238 3033 e
263 2985 415 3037 Stichi
447 3000 525 3050 xv,
559 2987 600 3035 2
646 2984 815 3033 tribus
862 2982 1109 3032 versibus
1156 2983 1432 3033 continuis
1469 2985 1561 3036 52.
1596 2988 1688 3037 53.
1722 2986 1834 3049 64,
1885 2988 2077 3051 quibus
2128 2991 2248 3054 quis

206 3094 301 3135 nou
333 3086 502 3137 videat
536 3093 628 3136 ter
661 3086 988 3135 reddendum
1024 3096 1147 3133 esse
1181 3081 1402 3134 uiden?

316 3169 541 3251 figeac?
579 3184 665 3235 Τιι
702 3196 785 3233 ne.
836 3171 1080 3233 'Mihine'l
1123 3183 1236 3233 'ribi
1273 3196 1362 3234 ne.
1399 3180 1575 3235 uiden
1615 3191 1673 3235 ut
1706 3186 1981 3238 annonast
2014 3182 2247 3252 grauis?

329 3282 503 3336 Viden
539 3282 900 3347 benignitates
935 3282 1203 3334 bominum
1240 3291 1300 3334 ut
1333 3280 1550 3347 periere
1584 3290 1640 3335 et
1674 3281 2059 3350 prothymiae?

328 3386 504 3441 Viden
540 3388 805 3440 ridiculos
841 3384 987 3437 nihili
1024 3386 1139 3437 fieri
1173 3391 1335 3450 atque
1372 3384 1520 3447 ipsos
1556 3384 1954 3449 parasitarier?

203 3489 304 3540 Nec
333 3490 490 3556 igitur
525 3492 595 3542 de
630 3490 1030 3552 monosyllabis
1066 3489 1305 3551 lubet,
1340 3486 1600 3550 pudet,
1633 3484 1839 3551 piace
1870 3483 2246 3549 cogitandum:

200 3601 400 3651 qurum
444 3594 549 3643 boo
596 3592 828 3642 omnium
873 3591 1085 3640 minime
1128 3591 1307 3640 locum
1351 3587 1403 3638 ιιι
1439 3585 1752 3650 septenario
1787 3584 2089 3636 habiturum
2125 3588 2246 3635 erat

196 3686 327 3739 Trin.
361 3691 490 3755 661,
526 3690 624 3740 illa
656 3702 765 3742 non
802 3689 857 3740 ιιι
895 3702 1054 3740 unam
1088 3687 1360 3751 syllabam
1397 3690 1680 3737 contracta
1713 3685 1911 3751 potius,
1948 3698 2103 3749 qnam
2137 3696 2242 3734 ne—

199 3786 363 3848 glecta
396 3790 667 3854 positione
705 3792 883 3850 (velut
918 3793 1111 3841 Bacch.
1134 3805 1185 3839 v.
1205 3792 1316 3840 893
1352 3791 1529 3840 Herm.
1566 3790 1724 3840 lubet
1758 3788 2098 3852 lamentari,
2132 3788 2242 3837 ⁰46

198 3883 339 3937 lubet
363 3891 683 3953 per-leyen,
713 3889 859 3939 1110
881 3890 1060 3951 pudet
1082 3887 1303 3946 dicere)
1339 3888 1484 3938 dicta
1516 3891 1647 3938 suat
1678 3887 1732 3937 ιιι
1767 3885 2068 3938 octonariis
2104 3883 2243 3933 lam-

194 3978 333 4046 bicis,
365 3985 673 4051 trochaicis,
708 3985 1091 4049 anapaesticis.
1178 3987 1315 4043 Nam
1351 3985 1433 4034 his
1469 3984 1674 4047 quidem
1711 3995 1831 4034 cum
1868 3982 2027 4031 talem
2062 3980 2240 4030 licen-

191 4077 337 4148 tiam,
368 4086 753 4139 alienissimam
791 4102 827 4140 a
859 4090 1221 4140 severioribus
1255 4090 1467 4154 metris,
1514 4090 1614 4140 iam
1650 4089 1719 4138 ab
1756 4087 1909 4137 initio
1944 4098 2240 4137 concesse-

190 4177 301 4244 rim,
330 4186 441 4234 ιιιιιι
479 4184 863 4248 anapaesticus
899 4187 1227 4253 potissimum
1263 4190 1539 4241 fatendum
1569 4188 1651 4237 est
1671 4183 1974 4236 condidisse
1992 4185 2237 4236 Plautum

192 4289 340 4342 nepe
370 4285 719 4347 asperrimos.
