2824 4890
518 371 838 437 CXXXII

519 562 678 634 aput
726 555 887 629 te‘st,
951 554 1055 618 cui
1116 563 1405 638 quartum
1474 565 1693 619 nostra
1754 557 2125 619 coniectura
2183 554 2446 618 accessit
2503 569 2555 613 v.
2587 547 2646 611 61

516 708 739 766 nempe
778 693 967 764 enim,
1012 707 1134 751 non
1182 685 1351 751 hane
1394 692 1610 770 potius
1656 688 1892 752 habent
1937 707 2126 768 quam
2173 689 2352 750 aliam
2394 680 2653 765 quandam

516 820 860 899 licentiam,
906 817 988 880 de
1036 837 1160 901 qua
1202 837 1322 881 suo
1366 780 1508 882 loco
1554 818 1811 884 dicetur.
1837 853 1919 866 —
1967 821 2298 883 Postremo
2340 816 2418 879 do
2460 809 2655 877 durni·

517 973 643 1017 non
691 964 796 1018 est
840 956 971 1017 ullo
1027 953 1215 1017 modo
1263 952 1693 1017 dubitandum.
1779 954 2042 1016 Certum
2098 964 2201 1017 est
2253 954 2313 1016 in
2350 952 2656 1014 Trinummo
2753 1033 2754 1040 ἵ

517 1092 877 1174 exemplum
921 1111 989 1153 v.
1018 1090 1169 1173 621,
1213 1109 1403 1174 quem
1452 1095 1686 1153 misere
1729 1088 2147 1172 pessumdant
2187 1089 2291 1173 qui
2316 1087 2491 1152 aliter
2510 1100 2656 1166 quam

516 1227 616 1304 sie
659 1226 1034 1290 metiunturt
2753 1195 2754 1204 ἵ

705 1356 875 1439 Quoi
937 1367 1113 1422 tuam
1179 1378 1369 1441 quom
1434 1359 1566 1424 rem
1632 1361 2025 1442 credideris,
2095 1357 2237 1424 sine
2298 1356 2458 1421 omni
2512 1369 2632 1418 curt

1995 1491 2310 1558 dormias:

517 1638 712 1710 atque
763 1625 927 1689 bano
971 1627 1175 1705 ipsam
1222 1624 1703 1687 collocationem
1772 1625 2110 1686 verborum
2169 1628 2319 1704 (pro
2373 1628 2505 1686 sine
2547 1636 2662 1682 cun

516 1765 721 1830 cmm)
763 1770 831 1824 et
858 1758 1307 1821 Terentianum
1352 1756 1500 1819 illud
1540 1765 1749 1819 tuetur
1793 1755 1991 1819 Andr.
2025 1774 2096 1836 ιι,
2121 1754 2189 1837 3,
2227 1756 2308 1820 17
2348 1757 2499 1820 Sine
2538 1745 2665 1812 ὄπωπ’

498 1892 776 1971 periclo,
825 1899 891 1953 et
930 1891 1071 1972 ipse
1115 1890 1385 1954 Plautus
1434 1892 1580 1958 Aul.
1624 1910 1721 1975 lv,
1777 1893 1834 1974 1,
1873 1892 2001 1957 20:

684 2022 876 2089 Nunc
915 2030 1059 2090 sine
1105 2028 1267 2089 omni
1310 2024 1680 2110 suspicione
1725 2028 1785 2090 in
1825 2026 1937 2092 ara
1984 2029 2086 2092 hic
2129 2028 2416 2094 adsidaim
2459 2043 2628 2090 sacra.

517 2159 856 2223 Accedunt
897 2179 1021 2222 non
1065 2160 1273 2223 minus
1317 2170 1497 2226 certa
1528 2163 1670 2236 alia,
1721 2165 1947 2246 partim
1990 2184 2027 2226 e
2070 2182 2373 2228 versuum
2400 2153 2662 2245 principiis

522 2300 592 2354 ut
633 2289 796 2355 nuo.
840 2310 887 2370 1,
941 2293 992 2373 l,
1037 2292 1093 2353 5.
1140 2308 1210 2370 v,
1260 2292 1317 2366 1,
1367 2293 1449 2355 5:

686 2426 781 2488 lta
824 2423 1030 2489 omnis
1075 2425 1156 2489 de
1199 2435 1372 2490 tecto
1419 2424 1782 2490 deturbavit
1825 2425 2102 2512 te'gulas.

679 2561 778 2624 lta
820 2560 1045 2623 omnes
1086 2561 1412 2642 mortales,
1458 2556 1517 2624 si
1554 2560 1707 2643 quid
1748 2570 1852 2623 est
1894 2559 2043 2626 mali
2092 2550 2322 2645 lenoni,
2367 2559 2640 2648 gaudentt

516 2694 744 2777 partim
805 2713 843 2756 e
892 2692 1121 2758 mediis
1186 2693 1535 2776 versibus,
1601 2701 1670 2755 ut
1730 2691 1898 2757 cist.
1945 2711 2028 2774 v,
2082 2693 2136 2756 1.
2197 2695 2338 2759 Mil.
2389 2716 2451 2778 1,
2493 2694 2558 2774 1,
2594 2686 2663 2750 55·

514 2844 613 2906 ιιι,
661 2826 725 2906 1,
762 2826 883 2891 652

682 2952 852 3035 Quid
914 2955 1040 3019 boc
1098 2955 1422 3038 negotist,
1490 2955 1660 3040 quod
1719 2977 1943 3023 omnes
2006 2959 2297 3024 homines
2357 2958 2665 3023 fabulantur

2037 3089 2156 3171 per
2199 3096 2393 3154 uiam.

685 3224 854 3304 Quid
895 3220 1008 3287 tibi
1051 3243 1175 3307 ego
1219 3223 1449 3306 dicam,
1488 3221 1657 3307 quod
1704 3244 1927 3288 omnes
1971 3227 2277 3290 mortales
2317 3230 2541 3291 sciunt.

679 3356 1081 3440 Lepidiorem
1114 3357 1194 3421 ad
1217 3355 1424 3420 omnis
1453 3376 1557 3420 res
1588 3376 1708 3421 nec
1737 3361 1839 3441 qui
1864 3356 2073 3422 amieo
2105 3362 2190 3423 sit
2215 3357 2467 3424 amictis
2492 3353 2667 3435 magi&

513 3509 657 3552 nam
703 3488 866 3553 haee
906 3491 1091 3552 unice
1138 3509 1295 3551 vera
1338 3490 1672 3571 scriptura.
1759 3494 1976 3574 Atque
2021 3493 2184 3555 haec
2236 3495 2325 3558 de
2367 3483 2665 3556 severiori·

510 3628 634 3690 bus
677 3623 1019 3706 generibus
1061 3634 1401 3687 metrorum
1444 3635 1697 3707 sumpta
1739 3635 1921 3690 sunt:
1963 3646 2087 3709 quo
2132 3629 2340 3691 minus
2367 3620 2667 3690 mirandum

512 3761 575 3824 in
618 3758 1016 3822 liberioribus
1061 3761 1269 3820 omnir
1312 3759 1537 3839 corripi
1585 3758 1747 3821 cist.
1789 3777 1833 3838 1,
1882 3760 1942 3840 1,
1985 3762 2046 3823 6.
2093 3760 2272 3823 Pers.
2319 3778 2395 3843 v,
2447 3761 2498 3842 1,
2536 3756 2601 3817 8:

680 3881 798 3957 'lta
867 3892 1157 3957 omnibus
1218 3888 1459 3957 relictis
1524 3892 1714 3955 rebus
1782 3889 1928 3955 mihi
1992 3894 2391 3975 frequentem
2458 3883 2668 3975 operam

2095 4026 2381 4093 dedistis.

674 4141 885 4216 'Vnde
942 4171 1069 4237 ego
1125 4154 1328 4218 omnis
1372 4153 1609 4218 hilaros
1671 4157 1945 4220 iubentis
2008 4157 2422 4222 laetificantis
2480 4154 2666 4221 fania·
2745 4144 2746 4147 ¹

2087 4301 2157 4355 ut
2199 4290 2380 4356 flant.
