2824 4890
2002 387 2295 455 CXXXI

172 575 331 628 tamen
367 568 414 629 si
455 569 957 651 transponendus
1016 577 1193 633 csse'
1225 588 1458 633 versus
1546 581 1722 633 recte
1782 574 1939 635 vidit
1980 574 2314 637 Acidaiius

165 719 384 766 necesse
437 716 529 769 est
590 707 810 770 exulet
870 706 950 769 ab
1014 706 1188 770 initio
1247 707 1360 768 Et.
1446 705 1756 771 Pseuduli
1812 726 1873 783 1,
1915 707 1989 792 ὅ,
2047 709 2167 771 129
2211 726 2308 793 sq,

161 839 240 914 qui
280 837 619 922 vulgantur:

291 970 353 1032 Si
386 969 598 1037 sumus
643 978 963 1057 compecti
1006 974 1127 1039 sed
1173 976 1505 1039 consilium
1554 992 1823 1057 unquam
1865 971 2119 1037 iniimus

288 1102 375 1164 De
424 1105 574 1169 istac
636 1126 706 1171 re
763 1116 872 1170 aut
926 1107 983 1169 si
1041 1105 1122 1168 de
1174 1125 1252 1168 ea
1309 1125 1381 1168 re
1435 1123 1710 1186 unquam
1758 1106 1920 1168 inter
1976 1123 2095 1167 nos
2139 1122 2299 1166 con-

1623 1255 1960 1301 uenimus:

159 1379 325 1427 eorum
364 1368 619 1432 alterum
667 1371 1070 1433 manifestum
1113 1378 1215 1432 est
1259 1389 1298 1431 e
1340 1369 1535 1431 meris
1587 1365 2160 1450 interpretamentis
2185 1366 2309 1427 mi-

150 1501 364 1563 serrime
402 1515 725 1567 consutum
772 1523 966 1568 esse:
1031 1522 1176 1565 nam
1221 1509 1288 1563 et
1328 1491 1572 1562 n'umeri
1619 1499 2022 1582 refragantur
2066 1506 2131 1559 et
2173 1497 2311 1559 lin-

152 1646 252 1708 gua
299 1645 355 1695 et
402 1638 723 1700 sententia
778 1646 843 1699 et
905 1655 1065 1699 vero
1131 1652 1439 1696 versuum
1507 1634 1895 1713 computatio
1962 1630 2313 1712 deperditis

155 1759 494 1828 Ambrosiani
542 1767 930 1830 membranis
973 1762 1594 1846 comprehensorum.
1680 1762 1854 1825 Nihil
1882 1761 2162 1826 editores
2193 1765 2303 1825 vi-

152 1888 338 1956 derunt
371 1898 572 1962 Stichi
620 1917 691 1980 v,
737 1899 809 1981 4,
847 1898 962 1962 20:

297 2027 404 2091 Stit
445 2034 658 2096 amica
702 2051 844 2095 mea
895 2039 961 2094 et
1002 2027 1114 2093 tua
1172 2029 1318 2094 dum
1376 2031 1606 2113 comit,
1664 2027 1814 2093 duim
1872 2043 1949 2094 se
2008 2039 2301 2110 exornat,

1646 2161 1770 2226 ntis
1814 2167 1960 2228 uolo

284 2294 514 2363 Tamen
582 2298 804 2363 ludere
861 2301 1026 2362 inter
1090 2316 1255 2363 nos:
1323 2308 1683 2382 strategum
1744 2300 1811 2363 te
1874 2302 2042 2364 facio
2109 2299 2257 2364 huic

1625 2429 1961 2499 conuiuio:

131 2556 215 2622 ubi
253 2580 362 2627 uno
404 2566 624 2632 deleto
678 2562 924 2644 tamen,
990 2566 1160 2651 quod
1206 2587 1244 2630 e
1284 2586 1349 2629 v.
1392 2565 1472 2629 13
1513 2569 1838 2629 invectum
1904 2575 2008 2631 est
2045 2576 2302 2649 praeter

137 2698 403 2766 rationem
450 2705 855 2785 sententiae,
922 2704 1131 2766 omnia
1188 2701 1571 2785 expedieriS.
1659 2705 1993 2766 Postremo
2037 2705 2147 2784 qui
2187 2703 2311 2764 ali-

123 2846 276 2907 quem
316 2855 583 2901 sensum
629 2839 1083 2903 concinnitatis
1126 2839 1387 2921 habeat,
1434 2859 1555 2900 non
1602 2838 1891 2901 admittet
1925 2839 2143 2921 opinor
2185 2858 2306 2900 nos

122 2969 262 3024 mter
317 2970 487 3033 ulicis
553 2971 755 3032 Poen.
807 2987 878 3050 v,
924 2970 1003 3051 4,
1045 2971 1173 3052 22,
1236 2968 1355 3033 sed
1420 2969 1747 3034 lenissima
1802 2971 2297 3054 transpositione

129 3099 282 3158 metri
322 3098 578 3181 legibus
626 3100 725 3162 sic
769 3100 1091 3164 consuletz

256 3232 435 3298 Sicut
480 3255 611 3301 nos
653 3236 846 3299 hodie
890 3235 1052 3300 inter
1096 3236 1257 3298 alias
1300 3230 1741 3317 praestitimus
1784 3230 2222 3316 pulcritudine.

333 3370 636 3450 Brevius,
681 3372 739 3434 si
769 3380 1056 3453 potuero,
1104 3371 1439 3434 absolvam
1471 3378 1721 3448 cetera,
1764 3378 2109 3452 postquam
2138 3369 2304 3433 satis

112 3501 348 3579 utputo
394 3523 524 3566 uno
573 3506 869 3585 exemplo
911 3505 1157 3586 patuit,
1218 3523 1404 3588 quam
1464 3507 1716 3587 longum
1773 3510 1861 3569 sit
1914 3507 1977 3570 in
2020 3508 2143 3573 hoc
2182 3529 2309 3595 ge-

113 3643 244 3691 nere
298 3637 559 3717 singula
619 3635 957 3700 exhaurire
1022 3655 1166 3701 cum
1241 3639 1621 3718 pulvisculo.
1721 3641 1825 3705 Ac
1880 3640 1961 3705 de
2025 3663 2311 3724 nempe

110 3765 407 3836 particula
468 3768 600 3831 etsi
652 3777 718 3831 et
769 3778 947 3832 certa
1002 3788 1109 3832 res
1169 3779 1270 3834 est
1312 3782 1378 3834 et
1434 3774 1652 3837 crebra
1707 3778 2034 3860 exempla,
2099 3787 2311 3843 tamen

105 3889 500 3964 Trinummus
546 3902 795 3984 quidem
820 3923 967 3989 *non
1012 3913 1338 3991 quattuor,
1387 3927 1554 3990 quae
1596 3910 1890 3993 videtur,
1944 3910 2061 3975 sed
2108 3932 2302 3976 unum

99 4031 332 4093 tantum
360 4034 711 4117 neglectae
739 4038 1077 4117 positionis
1103 4043 1465 4123 exemplum
1501 4052 1786 4123 praestat
1824 4065 1888 4110 v,
1914 4045 2040 4108 427
2063 4048 2311 4125 Nempe

96 4162 250 4236 «tuda
286 4170 613 4245 spopondi
626 4190 650 4230 .-
701 4169 970 4234 alterum
1013 4191 1077 4238 v,
1117 4170 1246 4236 328
1271 4216 1292 4254 ,
1352 4174 1524 4256 quod
1582 4174 1705 4238 iam
1750 4196 1811 4259 p.
1855 4194 2037 4241 wa.
2081 4180 2308 4264 tetigi-

94 4312 228 4362 mus
247 4344 270 4383 ‚
332 4319 490 4366 cum
551 4304 975 4370 Ambrosiano
1032 4306 1443 4373 sustulimusz
1503 4306 1758 4374 tertium
1802 4331 1869 4380 v,
1915 4311 2036 4377 196
2080 4315 2308 4396 nempe
