<?xml version="1.0" encoding="UTF-8"?>
<!DOCTYPE html PUBLIC "-//W3C//DTD XHTML 1.0 Transitional//EN"
    "http://www.w3.org/TR/xhtml1/DTD/xhtml1-transitional.dtd">
<html xmlns="http://www.w3.org/1999/xhtml" xml:lang="en" lang="en">
 <head>
  <title>
</title>
<meta http-equiv="Content-Type" content="text/html;charset=utf-8" />
  <meta name='ocr-system' content='tesseract 3.04.00' />
  <meta name='ocr-capabilities' content='ocr_page ocr_carea ocr_par ocr_line ocrx_word'/>
</head>
<body>
  <div class='ocr_page' id='page_1' title='image "./tmacciplauticom03ritsgoog_0291.png"; bbox 0 0 2824 4890; ppageno 0'>
   <div class='ocr_carea' id='block_1_1' title="bbox 1927 362 2343 430">
    <p class='ocr_par' dir='ltr' id='par_1_1' title="bbox 1927 362 2343 430">
     <span class='ocr_line' id='line_1_1' title="bbox 1927 362 2343 430; baseline 0.005 -2"><span class='ocrx_word' id='word_1_1' title='bbox 1927 362 2343 430; x_wconf 69' lang='lat' dir='ltr'><strong>cchxxns</strong></span> 
     </span>
    </p>
   </div>
   <div class='ocr_carea' id='block_1_2' title="bbox 141 530 2331 1922">
    <p class='ocr_par' dir='ltr' id='par_1_2' title="bbox 141 530 2331 1394">
     <span class='ocr_line' id='line_1_2' title="bbox 146 530 2331 621; baseline 0.006 -26"><span class='ocrx_word' id='word_1_2' title='bbox 146 535 577 616; x_wconf 74' lang='lat' dir='ltr'><strong>Quapropter,</strong></span> <span class='ocrx_word' id='word_1_3' title='bbox 636 532 763 597; x_wconf 88' lang='lat' dir='ltr'><strong>etsi</strong></span> <span class='ocrx_word' id='word_1_4' title='bbox 815 552 1121 617; x_wconf 80' lang='lat' dir='ltr'><strong>graecum</strong></span> <span class='ocrx_word' id='word_1_5' title='bbox 1160 530 1378 621; x_wconf 77' lang='grc' dir='ltr'><strong><em>κονίλη</em></strong></span> <span class='ocrx_word' id='word_1_6' title='bbox 1422 555 1686 621; x_wconf 85' lang='lat' dir='ltr'><strong>nomen,</strong></span> <span class='ocrx_word' id='word_1_7' title='bbox 1732 550 1803 604; x_wconf 89' lang='lat' dir='ltr'><strong>ut</strong></span> <span class='ocrx_word' id='word_1_8' title='bbox 1844 541 2153 607; x_wconf 81' lang='lat' dir='ltr'><strong>Nicandri</strong></span> <span class='ocrx_word' id='word_1_9' title='bbox 2198 566 2331 610; x_wconf 86' lang='lat' dir='ltr'><strong>ex-</strong></span> 
     </span>
     <span class='ocr_line' id='line_1_3' title="bbox 147 670 2331 758; baseline 0.005 -23"><span class='ocrx_word' id='word_1_10' title='bbox 147 672 344 753; x_wconf 83' lang='lat' dir='ltr'><strong>emplo</strong></span> <span class='ocrx_word' id='word_1_11' title='bbox 387 670 795 754; x_wconf 81' lang='lat' dir='ltr'><strong>intelligitur,</strong></span> <span class='ocrx_word' id='word_1_12' title='bbox 854 671 1167 752; x_wconf 83' lang='lat' dir='ltr'><strong>producta</strong></span> <span class='ocrx_word' id='word_1_13' title='bbox 1206 673 1595 753; x_wconf 73' lang='lat' dir='ltr'><strong>paenultima</strong></span> <span class='ocrx_word' id='word_1_14' title='bbox 1637 675 1877 738; x_wconf 85' lang='lat' dir='ltr'><strong>dictum</strong></span> <span class='ocrx_word' id='word_1_15' title='bbox 1922 686 2065 758; x_wconf 87' lang='lat' dir='ltr'><strong>est,</strong></span> <span class='ocrx_word' id='word_1_16' title='bbox 2121 687 2331 746; x_wconf 82' lang='lat' dir='ltr'><strong>tamen</strong></span> 
     </span>
     <span class='ocr_line' id='line_1_4' title="bbox 146 803 2327 891; baseline 0.005 -26"><span class='ocrx_word' id='word_1_17' title='bbox 146 803 293 866; x_wconf 89' lang='lat' dir='ltr'><strong>idem</strong></span> <span class='ocrx_word' id='word_1_18' title='bbox 338 804 454 867; x_wconf 83' lang='lat' dir='ltr'><strong>vix</strong></span> <span class='ocrx_word' id='word_1_19' title='bbox 501 804 749 866; x_wconf 86' lang='lat' dir='ltr'><strong>videtur</strong></span> <span class='ocrx_word' id='word_1_20' title='bbox 795 803 1199 868; x_wconf 84' lang='lat' dir='ltr'><strong>dubitandum</strong></span> <span class='ocrx_word' id='word_1_21' title='bbox 1248 823 1397 869; x_wconf 86' lang='lat' dir='ltr'><strong>esse</strong></span> <span class='ocrx_word' id='word_1_22' title='bbox 1440 807 1591 890; x_wconf 89' lang='lat' dir='ltr'><strong>quin</strong></span> <span class='ocrx_word' id='word_1_23' title='bbox 1636 817 1878 873; x_wconf 84' lang='lat' dir='ltr'><strong>mutata</strong></span> <span class='ocrx_word' id='word_1_24' title='bbox 1922 810 2220 891; x_wconf 77' lang='lat' dir='ltr'><strong>prosodia</strong></span> <span class='ocrx_word' id='word_1_25' title='bbox 2268 814 2327 876; x_wconf 89' lang='lat' dir='ltr'><strong>in</strong></span> 
     </span>
     <span class='ocr_line' id='line_1_5' title="bbox 144 928 2330 1019; baseline 0.004 -22"><span class='ocrx_word' id='word_1_26' title='bbox 144 935 384 1001; x_wconf 83' lang='lat' dir='ltr'><strong>latinam</strong></span> <span class='ocrx_word' id='word_1_27' title='bbox 425 935 703 1019; x_wconf 81' lang='lat' dir='ltr'><strong>linguam</strong></span> <span class='ocrx_word' id='word_1_28' title='bbox 740 939 1066 999; x_wconf 86' lang='lat' dir='ltr'><strong>transierit</strong></span> <span class='ocrx_word' id='word_1_29' title='bbox 1106 928 1328 999; x_wconf 57' lang='lat' dir='ltr'><strong>canfen</strong></span> <span class='ocrx_word' id='word_1_30' title='bbox 1370 940 1861 1018; x_wconf 89' lang='lat' dir='ltr'><strong>pronuntiatum.</strong></span> <span class='ocrx_word' id='word_1_31' title='bbox 1907 942 2057 1005; x_wconf 88' lang='lat' dir='ltr'><strong>Nec</strong></span> <span class='ocrx_word' id='word_1_32' title='bbox 2086 960 2330 1005; x_wconf 81' lang='lat' dir='ltr'><strong>caussa</strong></span> 
     </span>
     <span class='ocr_line' id='line_1_6' title="bbox 144 1068 2331 1151; baseline 0.004 -24"><span class='ocrx_word' id='word_1_33' title='bbox 144 1084 294 1129; x_wconf 89' lang='lat' dir='ltr'><strong>nunc</strong></span> <span class='ocrx_word' id='word_1_34' title='bbox 331 1068 493 1131; x_wconf 87' lang='lat' dir='ltr'><strong>latet</strong></span> <span class='ocrx_word' id='word_1_35' title='bbox 532 1087 642 1130; x_wconf 90' lang='lat' dir='ltr'><strong>cur</strong></span> <span class='ocrx_word' id='word_1_36' title='bbox 694 1087 819 1129; x_wconf 88' lang='lat' dir='ltr'><strong>non</strong></span> <span class='ocrx_word' id='word_1_37' title='bbox 860 1068 1362 1148; x_wconf 77' lang='lat' dir='ltr'><strong>probabilitatem</strong></span> <span class='ocrx_word' id='word_1_38' title='bbox 1408 1078 1672 1151; x_wconf 88' lang='lat' dir='ltr'><strong>tantum,</strong></span> <span class='ocrx_word' id='word_1_39' title='bbox 1715 1070 1831 1135; x_wconf 85' lang='lat' dir='ltr'><strong>sed</strong></span> <span class='ocrx_word' id='word_1_40' title='bbox 1875 1072 2331 1135; x_wconf 80' lang='lat' dir='ltr'><strong>necessitatem</strong></span> 
     </span>
     <span class='ocr_line' id='line_1_7' title="bbox 141 1200 2331 1284; baseline 0.002 -24"><span class='ocrx_word' id='word_1_41' title='bbox 141 1220 310 1263; x_wconf 74' lang='lat' dir='ltr'><strong>mem</strong></span> <span class='ocrx_word' id='word_1_42' title='bbox 352 1200 543 1263; x_wconf 84' lang='lat' dir='ltr'><strong>vocis</strong></span> <span class='ocrx_word' id='word_1_43' title='bbox 583 1201 928 1283; x_wconf 82' lang='lat' dir='ltr'><strong>synizesis,</strong></span> <span class='ocrx_word' id='word_1_44' title='bbox 977 1219 1164 1283; x_wconf 88' lang='lat' dir='ltr'><strong>quam</strong></span> <span class='ocrx_word' id='word_1_45' title='bbox 1206 1202 1329 1263; x_wconf 85' lang='lat' dir='ltr'><strong>iam</strong></span> <span class='ocrx_word' id='word_1_46' title='bbox 1375 1220 1434 1281; x_wconf 90' lang='lat' dir='ltr'><strong>p.</strong></span> <span class='ocrx_word' id='word_1_47' title='bbox 1458 1218 1633 1265; x_wconf 79' lang='lat' dir='ltr'><strong>cuv.</strong></span> <span class='ocrx_word' id='word_1_48' title='bbox 1679 1202 2220 1284; x_wconf 81' lang='lat' dir='ltr'><strong>commendabam,</strong></span> <span class='ocrx_word' id='word_1_49' title='bbox 2266 1224 2331 1266; x_wconf 85' lang='lat' dir='ltr'><strong>v.</strong></span> 
     </span>
     <span class='ocr_line' id='line_1_8' title="bbox 148 1329 603 1394; baseline 0.007 -3"><span class='ocrx_word' id='word_1_50' title='bbox 148 1329 293 1393; x_wconf 80' lang='lat'><strong>1133</strong></span> <span class='ocrx_word' id='word_1_51' title='bbox 333 1331 603 1394; x_wconf 74' lang='lat' dir='ltr'><strong>habeat:</strong></span> 
     </span>
    </p>

    <p class='ocr_par' dir='ltr' id='par_1_3' title="bbox 143 1437 2326 1922">
     <span class='ocr_line' id='line_1_9' title="bbox 291 1437 2324 1544; baseline 0.001 -20"><span class='ocrx_word' id='word_1_52' title='bbox 291 1437 457 1526; x_wconf 53' lang='lat' dir='ltr'><strong>flium</strong></span> <span class='ocrx_word' id='word_1_53' title='bbox 503 1480 786 1526; x_wconf 82' lang='lat' dir='ltr'><strong>sororem</strong></span> <span class='ocrx_word' id='word_1_54' title='bbox 835 1461 1264 1544; x_wconf 70' lang='lat' dir='ltr'><strong>despondisse</strong></span> <span class='ocrx_word' id='word_1_55' title='bbox 1286 1481 1470 1527; x_wconf 82' lang='lat' dir='ltr'><strong>suam</strong></span> <span class='ocrx_word' id='word_1_56' title='bbox 1494 1461 1560 1527; x_wconf 79' lang='lat' dir='ltr'><strong>in</strong></span> <span class='ocrx_word' id='word_1_57' title='bbox 1594 1473 1722 1532; x_wconf 83' lang='lat' dir='ltr'><strong>tam</strong></span> <span class='ocrx_word' id='word_1_58' title='bbox 1749 1467 1975 1529; x_wconf 82' lang='lat' dir='ltr'><strong>fortem</strong></span> <span class='ocrx_word' id='word_1_59' title='bbox 2007 1463 2324 1529; x_wconf 67' lang='lat' dir='ltr'><strong>familiam.</strong></span> 
     </span>
     <span class='ocr_line' id='line_1_10' title="bbox 149 1596 2326 1681; baseline 0.003 -22"><span class='ocrx_word' id='word_1_60' title='bbox 149 1596 401 1660; x_wconf 81' lang='lat' dir='ltr'><strong>Prorsus</strong></span> <span class='ocrx_word' id='word_1_61' title='bbox 464 1606 678 1661; x_wconf 84' lang='lat' dir='ltr'><strong>autem</strong></span> <span class='ocrx_word' id='word_1_62' title='bbox 730 1599 1119 1680; x_wconf 76' lang='lat' dir='ltr'><strong>singularem</strong></span> <span class='ocrx_word' id='word_1_63' title='bbox 1176 1600 1559 1681; x_wconf 79' lang='lat' dir='ltr'><strong>auribusque</strong></span> <span class='ocrx_word' id='word_1_64' title='bbox 1604 1601 1859 1665; x_wconf 88' lang='lat' dir='ltr'><strong>minime</strong></span> <span class='ocrx_word' id='word_1_65' title='bbox 1909 1600 2326 1665; x_wconf 82' lang='lat' dir='ltr'><strong>blandientem</strong></span> 
     </span>
     <span class='ocr_line' id='line_1_11' title="bbox 147 1723 2326 1833; baseline 0.003 -47"><span class='ocrx_word' id='word_1_66' title='bbox 147 1723 457 1833; x_wconf 73' lang='lat' dir='ltr'><strong>dactylum</strong></span> <span class='ocrx_word' id='word_1_67' title='bbox 516 1729 765 1811; x_wconf 83' lang='lat' dir='ltr'><strong>integro</strong></span> <span class='ocrx_word' id='word_1_68' title='bbox 819 1729 1141 1810; x_wconf 86' lang='lat' dir='ltr'><strong>dactylico</strong></span> <span class='ocrx_word' id='word_1_69' title='bbox 1204 1731 1520 1794; x_wconf 84' lang='lat' dir='ltr'><strong>vocabulo</strong></span> <span class='ocrx_word' id='word_1_70' title='bbox 1578 1732 2099 1812; x_wconf 84' lang='lat' dir='ltr'><strong>comprehensum</strong></span> <span class='ocrx_word' id='word_1_71' title='bbox 2158 1729 2326 1813; x_wconf 90' lang='lat' dir='ltr'><strong>quod</strong></span> 
     </span>
     <span class='ocr_line' id='line_1_12' title="bbox 143 1855 666 1922; baseline 0.006 -4"><span class='ocrx_word' id='word_1_72' title='bbox 143 1874 197 1918; x_wconf 82' lang='lat' dir='ltr'><strong>v.</strong></span> <span class='ocrx_word' id='word_1_73' title='bbox 234 1858 351 1920; x_wconf 74' lang='lat'><strong>289</strong></span> <span class='ocrx_word' id='word_1_74' title='bbox 395 1855 666 1922; x_wconf 71' lang='lat' dir='ltr'><strong>admisit</strong></span> 
     </span>
    </p>
   </div>
   <div class='ocr_carea' id='block_1_3' title="bbox 299 1987 2437 2074">
    <p class='ocr_par' dir='ltr' id='par_1_4' title="bbox 299 1987 2437 2074">
     <span class='ocr_line' id='line_1_13' title="bbox 299 1987 2437 2074; baseline 0.001 -22"><span class='ocrx_word' id='word_1_75' title='bbox 299 1989 439 2069; x_wconf 75' lang='lat' dir='ltr'><strong>Qud</strong></span> <span class='ocrx_word' id='word_1_76' title='bbox 475 2010 697 2054; x_wconf 88' lang='lat' dir='ltr'><strong>manus</strong></span> <span class='ocrx_word' id='word_1_77' title='bbox 723 1988 1119 2073; x_wconf 73' lang='lat' dir='ltr'><strong>apstineantz</strong></span> <span class='ocrx_word' id='word_1_78' title='bbox 1166 2000 1376 2055; x_wconf 81' lang='lat' dir='ltr'><strong>cetera</strong></span> <span class='ocrx_word' id='word_1_79' title='bbox 1407 1991 1560 2074; x_wconf 70' lang='lat' dir='ltr'><strong>rape</strong></span> <span class='ocrx_word' id='word_1_80' title='bbox 1585 1993 1768 2056; x_wconf 87' lang='lat' dir='ltr'><strong>trahe</strong></span> <span class='ocrx_word' id='word_1_81' title='bbox 1802 2001 1950 2054; x_wconf 89' lang='lat' dir='ltr'><strong>tene</strong></span> <span class='ocrx_word' id='word_1_82' title='bbox 1978 1987 2136 2074; x_wconf 75' lang='lat' dir='ltr'><strong>frige</strong></span> <span class='ocrx_word' id='word_1_83' title='bbox 2161 1992 2318 2055; x_wconf 76' lang='lat' dir='ltr'><strong>late-x</strong></span> <span class='ocrx_word' id='word_1_84' title='bbox 2430 2017 2437 2022; x_wconf 66' lang='lat'>-</span> 
     </span>
    </p>
   </div>
   <div class='ocr_carea' id='block_1_4' title="bbox 138 2118 2323 4190">
    <p class='ocr_par' dir='ltr' id='par_1_5' title="bbox 143 2118 2323 2866">
     <span class='ocr_line' id='line_1_14' title="bbox 143 2118 2323 2208; baseline 0.003 -29"><span class='ocrx_word' id='word_1_85' title='bbox 143 2118 195 2180; x_wconf 90' lang='lat' dir='ltr'><strong>id</strong></span> <span class='ocrx_word' id='word_1_86' title='bbox 233 2125 514 2185; x_wconf 83' lang='lat' dir='ltr'><strong>consulto</strong></span> <span class='ocrx_word' id='word_1_87' title='bbox 560 2122 687 2185; x_wconf 84' lang='lat' dir='ltr'><strong>feci</strong></span> <span class='ocrx_word' id='word_1_88' title='bbox 729 2132 799 2185; x_wconf 90' lang='lat' dir='ltr'><strong>ut</strong></span> <span class='ocrx_word' id='word_1_89' title='bbox 841 2127 908 2185; x_wconf 89' lang='lat' dir='ltr'><strong>in</strong></span> <span class='ocrx_word' id='word_1_90' title='bbox 952 2126 1234 2187; x_wconf 83' lang='lat' dir='ltr'><strong>cantico:</strong></span> <span class='ocrx_word' id='word_1_91' title='bbox 1280 2143 1423 2187; x_wconf 92' lang='lat' dir='ltr'><strong>nam</strong></span> <span class='ocrx_word' id='word_1_92' title='bbox 1473 2126 1573 2208; x_wconf 89' lang='lat' dir='ltr'><strong>qui</strong></span> <span class='ocrx_word' id='word_1_93' title='bbox 1617 2126 1678 2187; x_wconf 91' lang='lat' dir='ltr'><strong>in</strong></span> <span class='ocrx_word' id='word_1_94' title='bbox 1709 2126 1976 2189; x_wconf 86' lang='lat' dir='ltr'><strong>canticis</strong></span> <span class='ocrx_word' id='word_1_95' title='bbox 2006 2143 2145 2187; x_wconf 89' lang='lat' dir='ltr'><strong>cum</strong></span> <span class='ocrx_word' id='word_1_96' title='bbox 2180 2124 2323 2187; x_wconf 87' lang='lat' dir='ltr'><strong>aliis</strong></span> 
     </span>
     <span class='ocr_line' id='line_1_15' title="bbox 146 2254 2314 2339; baseline 0.006 -28"><span class='ocrx_word' id='word_1_97' title='bbox 146 2254 411 2316; x_wconf 86' lang='lat' dir='ltr'><strong>versibus</strong></span> <span class='ocrx_word' id='word_1_98' title='bbox 456 2262 590 2317; x_wconf 88' lang='lat' dir='ltr'><strong>tum</strong></span> <span class='ocrx_word' id='word_1_99' title='bbox 635 2257 979 2318; x_wconf 78' lang='lat' dir='ltr'><strong>trochaicis</strong></span> <span class='ocrx_word' id='word_1_100' title='bbox 1024 2257 1363 2319; x_wconf 84' lang='lat' dir='ltr'><strong>octonariis</strong></span> <span class='ocrx_word' id='word_1_101' title='bbox 1410 2260 1754 2338; x_wconf 83' lang='lat' dir='ltr'><strong>septenarii</strong></span> <span class='ocrx_word' id='word_1_102' title='bbox 1812 2261 2192 2339; x_wconf 88' lang='lat' dir='ltr'><strong>miscentur,</strong></span> <span class='ocrx_word' id='word_1_103' title='bbox 2247 2260 2314 2324; x_wconf 84' lang='lat' dir='ltr'><strong>hi</strong></span> 
     </span>
     <span class='ocr_line' id='line_1_16' title="bbox 147 2385 2318 2469; baseline 0.006 -26"><span class='ocrx_word' id='word_1_104' title='bbox 147 2400 336 2448; x_wconf 79' lang='lat' dir='ltr'><strong>eorum</strong></span> <span class='ocrx_word' id='word_1_105' title='bbox 378 2385 888 2467; x_wconf 83' lang='lat' dir='ltr'><strong>septenariorum</strong></span> <span class='ocrx_word' id='word_1_106' title='bbox 947 2386 1176 2467; x_wconf 89' lang='lat' dir='ltr'><strong>quibus</strong></span> <span class='ocrx_word' id='word_1_107' title='bbox 1236 2390 1531 2469; x_wconf 86' lang='lat' dir='ltr'><strong>integrae</strong></span> <span class='ocrx_word' id='word_1_108' title='bbox 1592 2406 1832 2453; x_wconf 86' lang='lat' dir='ltr'><strong>scenae</strong></span> <span class='ocrx_word' id='word_1_109' title='bbox 1875 2390 2318 2456; x_wconf 80' lang='lat' dir='ltr'><strong>continuantur</strong></span> 
     </span>
     <span class='ocr_line' id='line_1_17' title="bbox 148 2520 2317 2599; baseline 0.002 -22"><span class='ocrx_word' id='word_1_110' title='bbox 148 2521 538 2583; x_wconf 86' lang='lat' dir='ltr'><strong>severitatem</strong></span> <span class='ocrx_word' id='word_1_111' title='bbox 583 2522 797 2581; x_wconf 84' lang='lat' dir='ltr'><strong>multis</strong></span> <span class='ocrx_word' id='word_1_112' title='bbox 842 2521 904 2582; x_wconf 90' lang='lat' dir='ltr'><strong>in</strong></span> <span class='ocrx_word' id='word_1_113' title='bbox 947 2521 1140 2582; x_wconf 89' lang='lat' dir='ltr'><strong>rebus</strong></span> <span class='ocrx_word' id='word_1_114' title='bbox 1186 2528 1584 2580; x_wconf 86' lang='lat' dir='ltr'><strong>aversantur.</strong></span> <span class='ocrx_word' id='word_1_115' title='bbox 1682 2520 1834 2580; x_wconf 86' lang='lat' dir='ltr'><strong>Nec</strong></span> <span class='ocrx_word' id='word_1_116' title='bbox 1880 2520 2166 2599; x_wconf 76' lang='lat' dir='ltr'><strong>profecto</strong></span> <span class='ocrx_word' id='word_1_117' title='bbox 2210 2521 2317 2581; x_wconf 86' lang='lat' dir='ltr'><strong>vel</strong></span> 
     </span>
     <span class='ocr_line' id='line_1_18' title="bbox 147 2650 2321 2715; baseline 0.002 -7"><span class='ocrx_word' id='word_1_118' title='bbox 147 2665 180 2708; x_wconf 85' lang='lat' dir='ltr'><strong>a</strong></span> <span class='ocrx_word' id='word_1_119' title='bbox 217 2666 475 2715; x_wconf 86' lang='lat' dir='ltr'><strong>caesura</strong></span> <span class='ocrx_word' id='word_1_120' title='bbox 521 2653 883 2714; x_wconf 86' lang='lat' dir='ltr'><strong>concinnior</strong></span> <span class='ocrx_word' id='word_1_121' title='bbox 928 2654 1032 2714; x_wconf 89' lang='lat' dir='ltr'><strong>vel</strong></span> <span class='ocrx_word' id='word_1_122' title='bbox 1073 2670 1112 2713; x_wconf 93' lang='lat' dir='ltr'><strong>a</strong></span> <span class='ocrx_word' id='word_1_123' title='bbox 1155 2652 1448 2714; x_wconf 89' lang='lat' dir='ltr'><strong>librorum</strong></span> <span class='ocrx_word' id='word_1_124' title='bbox 1490 2650 1615 2713; x_wconf 87' lang='lat' dir='ltr'><strong>fide</strong></span> <span class='ocrx_word' id='word_1_125' title='bbox 1655 2652 1844 2713; x_wconf 87' lang='lat' dir='ltr'><strong>tutior</strong></span> <span class='ocrx_word' id='word_1_126' title='bbox 1882 2651 2049 2714; x_wconf 82' lang='lat' dir='ltr'><strong>haec</strong></span> <span class='ocrx_word' id='word_1_127' title='bbox 2082 2667 2321 2713; x_wconf 85' lang='lat' dir='ltr'><strong>versus</strong></span> 
     </span>
     <span class='ocr_line' id='line_1_19' title="bbox 144 2789 556 2866; baseline 0.017 -22"><span class='ocrx_word' id='word_1_128' title='bbox 144 2789 378 2866; x_wconf 81' lang='lat' dir='ltr'><strong>species</strong></span> <span class='ocrx_word' id='word_1_129' title='bbox 418 2798 556 2851; x_wconf 80' lang='lat' dir='ltr'><strong>est:</strong></span> 
     </span>
    </p>

    <p class='ocr_par' dir='ltr' id='par_1_6' title="bbox 138 2914 2316 3928">
     <span class='ocr_line' id='line_1_20' title="bbox 287 2914 2314 3000; baseline 0 -19"><span class='ocrx_word' id='word_1_130' title='bbox 287 2915 427 2996; x_wconf 68' lang='lat' dir='ltr'><strong>Qud</strong></span> <span class='ocrx_word' id='word_1_131' title='bbox 466 2924 696 2980; x_wconf 80' lang='lat' dir='ltr'><strong>manus</strong></span> <span class='ocrx_word' id='word_1_132' title='bbox 722 2914 1116 2999; x_wconf 84' lang='lat' dir='ltr'><strong>apstineant:</strong></span> <span class='ocrx_word' id='word_1_133' title='bbox 1160 2914 1377 2979; x_wconf 73' lang='lat' dir='ltr'><strong>cetera</strong></span> <span class='ocrx_word' id='word_1_134' title='bbox 1407 2936 1585 2998; x_wconf 88' lang='lat' dir='ltr'><strong>rape,</strong></span> <span class='ocrx_word' id='word_1_135' title='bbox 1624 2914 1828 2995; x_wconf 70' lang='lat' dir='ltr'><strong>trahe,</strong></span> <span class='ocrx_word' id='word_1_136' title='bbox 1874 2914 2124 3000; x_wconf 70' lang='lat' dir='ltr'><strong>fuge&#39;et</strong></span> <span class='ocrx_word' id='word_1_137' title='bbox 2153 2918 2314 2982; x_wconf 75' lang='lat' dir='ltr'><strong>latet</strong></span> 
     </span>
     <span class='ocr_line' id='line_1_21' title="bbox 143 3050 2315 3131; baseline 0.002 -23"><span class='ocrx_word' id='word_1_138' title='bbox 143 3065 251 3110; x_wconf 83' lang='lat' dir='ltr'><strong>uec</strong></span> <span class='ocrx_word' id='word_1_139' title='bbox 290 3050 444 3112; x_wconf 88' lang='lat' dir='ltr'><strong>enim</strong></span> <span class='ocrx_word' id='word_1_140' title='bbox 495 3050 600 3111; x_wconf 86' lang='lat' dir='ltr'><strong>vel</strong></span> <span class='ocrx_word' id='word_1_141' title='bbox 643 3058 789 3131; x_wconf 89' lang='lat' dir='ltr'><strong>post</strong></span> <span class='ocrx_word' id='word_1_142' title='bbox 828 3059 1114 3128; x_wconf 87' lang='lat' dir='ltr'><strong>quartam</strong></span> <span class='ocrx_word' id='word_1_143' title='bbox 1163 3050 1265 3111; x_wconf 86' lang='lat' dir='ltr'><strong>vel</strong></span> <span class='ocrx_word' id='word_1_144' title='bbox 1310 3059 1458 3130; x_wconf 89' lang='lat' dir='ltr'><strong>post</strong></span> <span class='ocrx_word' id='word_1_145' title='bbox 1503 3052 1781 3131; x_wconf 87' lang='lat' dir='ltr'><strong>quintam</strong></span> <span class='ocrx_word' id='word_1_146' title='bbox 1829 3050 2019 3112; x_wconf 89' lang='lat' dir='ltr'><strong>arsim</strong></span> <span class='ocrx_word' id='word_1_147' title='bbox 2052 3050 2123 3112; x_wconf 78' lang='lat' dir='ltr'><strong>fit</strong></span> <span class='ocrx_word' id='word_1_148' title='bbox 2153 3067 2315 3113; x_wconf 87' lang='lat' dir='ltr'><strong>cae-</strong></span> 
     </span>
     <span class='ocr_line' id='line_1_22' title="bbox 144 3143 2315 3263; baseline 0.002 -24"><span class='ocrx_word' id='word_1_149' title='bbox 144 3196 301 3258; x_wconf 86' lang='lat' dir='ltr'><strong>sura,</strong></span> <span class='ocrx_word' id='word_1_150' title='bbox 339 3191 401 3245; x_wconf 85' lang='lat' dir='ltr'><strong>et</strong></span> <span class='ocrx_word' id='word_1_151' title='bbox 440 3184 729 3244; x_wconf 85' lang='lat' dir='ltr'><strong>insolens</strong></span> <span class='ocrx_word' id='word_1_152' title='bbox 772 3193 872 3245; x_wconf 87' lang='lat' dir='ltr'><strong>est</strong></span> <span class='ocrx_word' id='word_1_153' title='bbox 916 3181 1271 3263; x_wconf 84' lang='lat' dir='ltr'><strong>dactylicae</strong></span> <span class='ocrx_word' id='word_1_154' title='bbox 1315 3186 1499 3244; x_wconf 84' lang='lat' dir='ltr'><strong>vocis</strong></span> <span class='ocrx_word' id='word_1_155' title='bbox 1540 3186 1959 3263; x_wconf 81' lang='lat' dir='ltr'><strong>oxytonesis,</strong></span> <span class='ocrx_word' id='word_1_156' title='bbox 2004 3190 2069 3243; x_wconf 88' lang='lat' dir='ltr'><strong>et</strong></span> <span class='ocrx_word' id='word_1_157' title='bbox 2108 3143 2148 3243; x_wconf 79' lang='lat' dir='ltr'><strong>a</strong></span> <span class='ocrx_word' id='word_1_158' title='bbox 2195 3200 2315 3244; x_wconf 88' lang='lat' dir='ltr'><strong>co-</strong></span> 
     </span>
     <span class='ocr_line' id='line_1_23' title="bbox 145 3306 2316 3396; baseline 0.004 -28"><span class='ocrx_word' id='word_1_159' title='bbox 145 3306 370 3390; x_wconf 36' lang='lat' dir='ltr'><strong>dicibus,</strong></span> <span class='ocrx_word' id='word_1_160' title='bbox 405 3320 474 3375; x_wconf 81' lang='lat' dir='ltr'><strong>et</strong></span> <span class='ocrx_word' id='word_1_161' title='bbox 511 3314 715 3374; x_wconf 80' lang='lat' dir='ltr'><strong>abest.</strong></span> <span class='ocrx_word' id='word_1_162' title='bbox 800 3315 1026 3396; x_wconf 85' lang='lat' dir='ltr'><strong>ltaque</strong></span> <span class='ocrx_word' id='word_1_163' title='bbox 1084 3330 1226 3374; x_wconf 89' lang='lat' dir='ltr'><strong>cum</strong></span> <span class='ocrx_word' id='word_1_164' title='bbox 1277 3311 1540 3393; x_wconf 88' lang='lat' dir='ltr'><strong>produci</strong></span> <span class='ocrx_word' id='word_1_165' title='bbox 1598 3330 1796 3392; x_wconf 87' lang='lat' dir='ltr'><strong>posse</strong></span> <span class='ocrx_word' id='word_1_166' title='bbox 1843 3314 2005 3392; x_wconf 62' lang='lat' dir='ltr'><strong>fuae}</strong></span> <span class='ocrx_word' id='word_1_167' title='bbox 2065 3333 2188 3375; x_wconf 89' lang='lat' dir='ltr'><strong>non</strong></span> <span class='ocrx_word' id='word_1_168' title='bbox 2226 3314 2316 3376; x_wconf 89' lang='lat' dir='ltr'><strong>sit</strong></span> 
     </span>
     <span class='ocr_line' id='line_1_24' title="bbox 143 3430 2313 3527; baseline -0.001 -22"><span class='ocrx_word' id='word_1_169' title='bbox 143 3446 289 3509; x_wconf 85' lang='lat' dir='ltr'><strong>male</strong></span> <span class='ocrx_word' id='word_1_170' title='bbox 327 3447 605 3510; x_wconf 88' lang='lat' dir='ltr'><strong>credulis</strong></span> <span class='ocrx_word' id='word_1_171' title='bbox 650 3448 1071 3527; x_wconf 87' lang='lat' dir='ltr'><strong>credendum,</strong></span> <span class='ocrx_word' id='word_1_172' title='bbox 1131 3446 1321 3508; x_wconf 84' lang='lat' dir='ltr'><strong>simul</strong></span> <span class='ocrx_word' id='word_1_173' title='bbox 1362 3452 1575 3506; x_wconf 87' lang='lat' dir='ltr'><strong>autem</strong></span> <span class='ocrx_word' id='word_1_174' title='bbox 1626 3444 1769 3524; x_wconf 89' lang='lat' dir='ltr'><strong>plus</strong></span> <span class='ocrx_word' id='word_1_175' title='bbox 1813 3447 2065 3525; x_wconf 85' lang='lat' dir='ltr'><strong>gratiae</strong></span> <span class='ocrx_word' id='word_1_176' title='bbox 2115 3430 2313 3503; x_wconf 73' lang='grc' dir='ltr'>ἀσυν-</span> 
     </span>
     <span class='ocr_line' id='line_1_25' title="bbox 141 3570 2309 3661; baseline 0.002 -27"><span class='ocrx_word' id='word_1_177' title='bbox 141 3570 326 3651; x_wconf 80' lang='grc' dir='ltr'><em>δέτως</em></span> <span class='ocrx_word' id='word_1_178' title='bbox 365 3580 643 3661; x_wconf 91' lang='lat' dir='ltr'><strong>copulati</strong></span> <span class='ocrx_word' id='word_1_179' title='bbox 688 3580 1054 3660; x_wconf 87' lang='lat' dir='ltr'><strong>imperativi</strong></span> <span class='ocrx_word' id='word_1_180' title='bbox 1098 3577 1392 3660; x_wconf 86' lang='lat' dir='ltr'><strong>habeant,</strong></span> <span class='ocrx_word' id='word_1_181' title='bbox 1442 3594 1627 3638; x_wconf 90' lang='lat' dir='ltr'><strong>unam</strong></span> <span class='ocrx_word' id='word_1_182' title='bbox 1673 3575 2060 3638; x_wconf 86' lang='lat' dir='ltr'><strong>consimilem</strong></span> <span class='ocrx_word' id='word_1_183' title='bbox 2108 3594 2309 3638; x_wconf 85' lang='lat' dir='ltr'><strong>vocu-</strong></span> 
     </span>
     <span class='ocr_line' id='line_1_26' title="bbox 139 3696 2309 3794; baseline -0.001 -19"><span class='ocrx_word' id='word_1_184' title='bbox 139 3710 246 3775; x_wconf 80' lang='lat' dir='ltr'><strong>lam</strong></span> <span class='ocrx_word' id='word_1_185' title='bbox 299 3714 621 3778; x_wconf 87' lang='lat' dir='ltr'><strong>excidisse</strong></span> <span class='ocrx_word' id='word_1_186' title='bbox 679 3715 924 3778; x_wconf 86' lang='lat' dir='ltr'><strong>conieci</strong></span> <span class='ocrx_word' id='word_1_187' title='bbox 963 3696 1054 3775; x_wconf 49' lang='lat' dir='ltr'><strong>&#39;ab</strong></span> <span class='ocrx_word' id='word_1_188' title='bbox 1109 3713 1308 3793; x_wconf 90' lang='lat' dir='ltr'><strong>ipsius</strong></span> <span class='ocrx_word' id='word_1_189' title='bbox 1362 3714 1657 3794; x_wconf 85' lang='lat' dir='ltr'><strong>exemplo</strong></span> <span class='ocrx_word' id='word_1_190' title='bbox 1717 3712 1927 3775; x_wconf 85' lang='lat' dir='ltr'><strong>Plauti</strong></span> <span class='ocrx_word' id='word_1_191' title='bbox 1985 3711 2309 3793; x_wconf 79' lang='lat' dir='ltr'><strong>profectus</strong></span> 
     </span>
     <span class='ocr_line' id='line_1_27' title="bbox 138 3839 813 3928; baseline 0.016 -27"><span class='ocrx_word' id='word_1_192' title='bbox 138 3839 350 3911; x_wconf 85' lang='lat' dir='ltr'><strong>Pseud.</strong></span> <span class='ocrx_word' id='word_1_193' title='bbox 395 3866 443 3928; x_wconf 90' lang='lat'><strong>1,</strong></span> <span class='ocrx_word' id='word_1_194' title='bbox 490 3847 558 3926; x_wconf 77' lang='lat'><strong>2,</strong></span> <span class='ocrx_word' id='word_1_195' title='bbox 597 3848 642 3908; x_wconf 79' lang='lat'><strong>6</strong></span> <span class='ocrx_word' id='word_1_196' title='bbox 683 3864 813 3928; x_wconf 75' lang='lat' dir='ltr'><strong>sq.=</strong></span> 
     </span>
    </p>

    <p class='ocr_par' dir='ltr' id='par_1_7' title="bbox 287 3955 2307 4062">
     <span class='ocr_line' id='line_1_28' title="bbox 287 3955 2307 4062; baseline -0.001 -21"><span class='ocrx_word' id='word_1_197' title='bbox 287 3978 414 4057; x_wconf 80' lang='lat' dir='ltr'><strong>Qui</strong></span> <span class='ocrx_word' id='word_1_198' title='bbox 455 3977 623 4042; x_wconf 71' lang='lat' dir='ltr'><strong>haec</strong></span> <span class='ocrx_word' id='word_1_199' title='bbox 683 3980 917 4042; x_wconf 87' lang='lat' dir='ltr'><strong>habent</strong></span> <span class='ocrx_word' id='word_1_200' title='bbox 977 3977 1275 4062; x_wconf 84' lang='lat' dir='ltr'><strong>consilia,</strong></span> <span class='ocrx_word' id='word_1_201' title='bbox 1337 3981 1438 4043; x_wconf 90' lang='lat' dir='ltr'><strong>ubi</strong></span> <span class='ocrx_word' id='word_1_202' title='bbox 1499 3980 1652 4043; x_wconf 84' lang='lat' dir='ltr'><strong>data</strong></span> <span class='ocrx_word' id='word_1_203' title='bbox 1707 3955 2063 4047; x_wconf 69' lang='lat' dir='ltr'><strong>occasiost:</strong></span> <span class='ocrx_word' id='word_1_204' title='bbox 2122 3992 2307 4056; x_wconf 73' lang='lat' dir='ltr'><strong>rape,</strong></span> 
     </span>
    </p>

    <p class='ocr_par' dir='ltr' id='par_1_8' title="bbox 1459 4113 1919 4190">
     <span class='ocr_line' id='line_1_29' title="bbox 1459 4113 1919 4190; baseline -0.004 -17"><span class='ocrx_word' id='word_1_205' title='bbox 1459 4113 1656 4190; x_wconf 76' lang='lat' dir='ltr'><strong>cle&#39;pe,</strong></span> <span class='ocrx_word' id='word_1_206' title='bbox 1704 4119 1919 4185; x_wconf 78' lang='lat' dir='ltr'><strong>tene,</strong></span> 
     </span>
    </p>
   </div>
   <div class='ocr_carea' id='block_1_5' title="bbox 557 4248 1442 4329">
    <p class='ocr_par' dir='ltr' id='par_1_9' title="bbox 557 4248 1442 4329">
     <span class='ocr_line' id='line_1_30' title="bbox 557 4248 1442 4329; baseline -0.007 -17"><span class='ocrx_word' id='word_1_207' title='bbox 557 4251 889 4329; x_wconf 72' lang='lat' dir='ltr'><strong>Ha&#39;rpaqa,</strong></span> <span class='ocrx_word' id='word_1_208' title='bbox 929 4253 1079 4324; x_wconf 77' lang='lat' dir='ltr'><strong>bibe,</strong></span> <span class='ocrx_word' id='word_1_209' title='bbox 1130 4248 1220 4324; x_wconf 59' lang='grc' dir='ltr'><strong>εἰς,</strong></span> <span class='ocrx_word' id='word_1_210' title='bbox 1264 4250 1442 4325; x_wconf 65' lang='grc' dir='ltr'><strong><em>[αρε.</em></strong></span> 
     </span>
    </p>
   </div>
  </div>
 </body>
</html>
