2824 4890
1981 383 2267 446 cxxtx

153 567 238 626 sim
274 568 323 627 in
363 568 448 629 his
488 568 948 650 prolegomenis
979 567 1075 637 *J-
1163 568 1338 630 Satis
1398 569 1591 650 igitur
1634 567 1932 648 praesidii
1987 579 2272 649 paratum

150 711 223 762 est
258 702 569 764 Trinummi
600 703 726 765 709
765 706 826 764 iu
869 703 1178 783 principio
1233 721 1463 766 versus
1510 703 1736 784 positis
1782 669 2101 777 ouia‘tibn·
2164 699 2272 765 in-

145 834 468 912 !erpelldlio:
519 836 769 918 quando
830 837 1077 899 somnia
1144 848 1291 897 sunt
1354 835 1435 896 dc
1483 834 1924 916 monosyllaba
1971 836 2084 894 t'bi
2127 854 2275 914 pro-

144 970 480 1031 nuntiatione.
559 970 617 1052 A
662 969 1136 1050 praepositione
1180 978 1391 1031 autem
1440 988 1561 1031 non
1606 978 1708 1029 cst
1751 970 1972 1031 mirum
2007 967 2272 1031 eandem

139 1102 525 1181 correptionem
569 1101 650 1164 ad
695 1105 1029 1164 interim
1070 1103 1442 1182 particulam
1479 1103 1871 1184 perrexisse,
1911 1111 1974 1165 ut
2008 1102 2270 1164 Curcul.

137 1248 208 1307 tv,
247 1232 292 1313 l,
326 1232 415 1294 25.
456 1234 658 1298 Stichi
704 1251 774 1315 v,
819 1236 885 1313 4,
926 1232 1043 1298 23:

261 1367 366 1431 Set
388 1369 631 1432 interim
660 1367 834 1431 fores
858 1367 1200 1450 crepilcre:
1234 1365 1493 1448 linguae
1522 1365 2039 1430 moderandumst
2071 1385 2271 1431 meae.

260 1501 362 1564 Sit
402 1504 671 1584 interim,
717 1501 1006 1585 stratege
1053 1515 1294 1580 noster,
1341 1499 1456 1563 ctir
1498 1501 1604 1564 hic
1645 1507 1864 1564 cessat
1892 1498 2270 1562 cantharus:

131 1643 179 1697 et
210 1649 263 1699 ut
300 1640 531 1704 videtur
575 1642 1026 1704 Mostellariae
1068 1661 1137 1720 v,
1180 1642 1237 1715 1,
1274 1641 1388 1703 45:

260 1755 398 1850 'Ego
439 1773 689 1833 interim
733 1771 897 1833 banc
940 1791 1111 1836 aram
1159 1770 1491 1855 occupabo
1536 1795 1591 1835 e.
1638 1793 1696 1855 q.
1742 1794 1821 1854 s.,

127 1906 362 1976 quamvis
408 1906 489 1967 ibi
536 1905 713 1968 facili
759 1924 952 1987 opera
995 1926 1110 1984 eqo
1154 1906 1461 1968 deleatur.
1554 1908 1719 1969 Nam
1773 1907 2012 1968 Persae
2043 1924 2112 1986 ιι,
2149 1905 2270 1986 Ι,5

121 2053 206 2110 pro
239 2043 463 2100 interim
507 2048 690 2103 recte
734 2057 901 2102 nunc
931 2040 1294 2102 restitutum
1342 2048 1445 2102 est
1484 2043 1768 2113 interea,
1818 2038 2100 2100 eiusdem
2143 2056 2269 2101 au-

121 2165 216 2223 tem
262 2182 481 2230 scenae
522 2190 589 2231 v.
637 2170 680 2230 '7
727 2172 934 2233 eiecto
979 2176 1230 2234 interim
1273 2174 1373 2234 sic
1435 2172 1833 2235 scribendum
1895 2171 2058 2235 duce
2103 2173 2270 2235 Arn-

117 2290 362 2361 brosiano
404 2301 674 2366 codice:

243 2433 435 2514 Quom
501 2450 582 2502 tu
638 2436 959 2524 ingenium
1029 2439 1172 2502 fans
1210 2436 1424 2520 atque
1481 2439 1689 2501 infans
1750 2437 2019 2501 nondum
2079 2437 2270 2504 etiam

1437 2594 1644 2635 meum
1688 2571 2028 2636 edidicisti.

112 2697 312 2767 Verum
353 2707 850 2791 haudquaquam
907 2709 1010 2771 vis
1066 2707 1397 2789 positionis
1454 2706 1617 2770 adeo
1675 2706 1845 2768 nihili
1888 2706 2102 2768 habita
2147 2714 2272 2782 est,

108 2836 162 2888 ut
193 2837 358 2896 etiam
402 2847 539 2900 tres
590 2845 1018 2899 consonantes
1065 2837 1314 2899 litterae
1368 2836 1428 2897 in
1494 2832 1522 2896 ἷ
1535 2856 1576 2896 n
1594 2842 1719 2897 tro
1776 2839 2273 2917 corriperentur}

108 2958 155 3020 id
190 2965 336 3043 quod
378 2987 503 3031 non
548 2969 771 3049 magis
809 2966 1049 3029 factum
1092 2973 1193 3027 est
1235 2983 1422 3047 quam
1469 2968 1529 3028 in
1576 2966 1806 3027 hercle.
1855 2966 2004 3030 Vua
2047 2975 2112 3028 et
2151 2985 2276 3030 vo-

109 3094 225 3155 cula
262 3098 507 3162 abiecta
554 3102 930 3164 Aululariae
975 3119 1067 3181 111,
1110 3102 1179 3181 3,
1226 3101 1270 3164 3
1312 3103 1834 3166 reconcinnatur:

244 3217 347 3293 'lte
387 3253 555 3295 sane
603 3229 767 3296 nunc
811 3238 932 3296 iam
976 3234 1139 3295 intro
1184 3233 1408 3296 omues
1456 3236 1638 3315 coqui
1681 3244 1746 3296 et
1787 3231 2112 3311 tibicinae3

101 3347 384 3420 lenissima
428 3360 933 3440 transpositione
976 3371 1237 3425 sanatur
1280 3362 1485 3428 Stichi
1531 3381 1626 3441 lv,
1683 3366 1734 3443 Ι,
1778 3363 1892 3425 292

246 3483 417 3555 Deos
485 3493 833 3555 salutatum
897 3491 1094 3575 sitque
1122 3484 1129 3491 “
1161 3513 1423 3558 uxorem
1490 3492 1652 3557 intro
1721 3494 1908 3558 modo
1974 3493 2277 3562 deuortor

1647 3623 1935 3708 domum3

93 3757 588 3821 commodissime
630 3754 919 3837 procedit
962 3756 1023 3817 in
1068 3757 1304 3849 scutarii
1344 3760 1624 3842 speciem
1658 3763 1738 3825 ab
1770 3760 2117 3825 editoribus
2152 3764 2277 3824 mi-

115 3992 175 4057 *J
205 3996 519 4047 Tenendum
555 3997 656 4047 hoc
691 4002 813 4047 erat
848 3997 900 4047 in
940 4011 1127 4048 eorum
1163 3997 1496 4061 potissimum
1536 4012 1793 4051 versuum
1831 4000 2184 4064 tractatione,
2224 4003 2276 4051 ln

202 4100 389 4162 quibus
427 4114 595 4151 casus
631 4103 831 4167 obliqui
867 4117 1007 4169 ayer
1045 4103 1197 4155 vocis
1228 4105 1406 4155 locum
1454 4106 1679 4168 hahent,
1719 4108 1776 4153 ut
1809 4104 1938 4154 560.
1976 4105 2104 4155 652.
2142 4107 2276 4158 687.

201 4204 337 4254 ’10οι
373 4206 510 4256 item
545 4206 596 4256 in
633 4209 961 4259 emendando
999 4225 1050 4261 v.
1076 4211 1209 4276 725,
1246 4210 1336 4261 ubi
1376 4218 1458 4262 est
1492 4207 1858 4275 pleuriti-am.
1896 4213 1953 4263 ln
1978 4200 2273 4266 cochleam

200 4308 391 4369 pauno
426 4313 566 4360 ante
602 4312 778 4362 oratio
814 4312 1019 4364 incidit.

222 4450 351 4491 Phuni
381 4451 510 4491 Con.
537 4448 572 4491 1.
608 4455 641 4493 1.
672 4452 786 4492 Tria.
1864 4463 1886 4505 1
