2824 4890
441 363 626 431 ccu

614 551 715 612 An
757 551 848 610 ita
890 547 1099 628 potius
1144 553 1211 605 ut
1254 551 1554 624 parentes
1599 557 1739 601 eum
1786 553 1945 600 esse
1988 544 2054 596 et
2095 533 2357 617 cognati
2400 534 2635 595 uelint.

448 681 648 750 Simul
691 691 901 746 autem
947 689 1011 742 et
1056 678 1263 754 Quam
1305 679 1417 739 ille
1456 683 1613 739 itaet
1651 676 1803 739 illud
1848 684 1913 737 et
1956 676 2129 738 Du'm
2170 671 2284 734 ille
2325 692 2409 732 ne
2453 677 2559 733 cis
2604 689 2677 734 v.

441 819 573 881 9⁸79
634 811 1018 878 documento
1076 827 1226 873 esse
1284 813 1601 891 possunt,
1665 807 1962 868 severius
2023 823 2211 886 quam
2274 803 2502 866 verius
2568 808 2681 868 sic

447 950 678 1028 statui,
738 956 809 1008 ut
865 911 1153 1025 proxima
1213 951 1361 1022 post
1416 942 1688 1003 solutam
1743 941 1933 1002 araim
1979 940 2227 1021 syllaba
2287 940 2680 1000 necessario

445 1092 598 1138 ease
643 1076 833 1156 longa
875 1075 1138 1136 dicatur.
1225 1071 1345 1134 Est
1389 1090 1469 1134 ea
1512 1075 1883 1155 plerumque
1929 1074 2155 1153 longa:
2199 1073 2316 1133 sod
2365 1087 2488 1134 uec
2542 1089 2677 1135 ne·-

447 1215 821 1274 cessitatem
857 1211 980 1272 bec
1010 1210 1200 1271 habet
1229 1229 1348 1273 nee
1390 1211 1576 1272 aliam
1616 1227 1943 1291 caussam,
1993 1229 2178 1292 quam
2229 1212 2396 1293 quod
2446 1211 2677 1274 omnl-

447 1357 531 1404 no
577 1344 636 1404 in
684 1342 1027 1404 trochaicis
1075 1341 1391 1405 tribracho
1440 1345 1630 1427 longe
1674 1347 2063 1425 frequentior
2106 1355 2205 1406 est
2236 1354 2678 1428 anapaestus,

449 1478 514 1537 in
572 1473 860 1539 iambicis
922 1476 1240 1537 tribracho
1298 1477 1573 1557 ipsoque
1632 1478 1838 1538 iambo
1892 1477 2285 1558 frequentior
2332 1479 2677 1560 spondeus

452 1608 557 1671 vel
601 1608 921 1689 dactylus.

617 1741 886 1800 Perraro
909 1745 1121 1798 autem
1151 1738 1730 1818 monosyllabarum
1760 1737 2009 1800 licentia
2036 1735 2139 1800 illa
2163 1738 2422 1801 videtur
2455 1745 2665 1802 etlam

450 1870 533 1932 ad
577 1869 976 1950 polysyllaba
1020 1870 1330 1929 translata
1373 1887 1542 1930 esse.
1649 1871 1797 1930 Non
1857 1869 2119 1931 Plautus
2178 1869 2315 1949 fuit,
2377 1872 2493 1934 sed
2546 1831 2691 1936 re·-=

452 2002 698 2062 cantior
754 2001 1024 2080 aliquis,
1082 2018 1123 2060 a
1176 2017 1300 2081 quo
1362 2001 1514 2080 prol.
1563 2002 1761 2061 Merc.
1807 2003 1847 2062 4
1900 2003 2043 2063 αἱαὶ
2076 2002 2396 2064 amato'ree
2429 2008 2671 2083 facere

451 2133 804 2216 profectum
849 2151 1001 2194 esso
1046 2151 1166 2194 non
1212 2149 1406 2195 ausus
1449 2150 1588 2193 sum
1631 2151 1872 2215 negare
1919 2134 2179 2214 Parerg.
2224 2153 2268 2212 1,
2318 2153 2375 2213 p.
2414 2137 2504 2197 18.
2564 2135 2665 2196 Ab

454 2266 819 2348 Hermanno
863 2266 1111 2345 probari
1156 2264 1349 2325 video
1395 2274 1763 2345 correptum
1810 2266 1870 2326 in
1910 2266 2262 2328 bacchiaco
2314 2276 2465 2330 aitte
2527 2287 2664 2331 vo·-

453 2399 653 2462 enlem
703 2399 1097 2482 trisyllabum
1148 2404 1358 2477 cogita
1410 2401 1599 2461 Poen.
1648 2419 1692 2481 1,
1733 2403 1795 2479 2,
1842 2399 1960 2462 31:

617 2545 816 2611 Soror
861 2547 1086 2628 cogitd
1129 2548 1379 2629 amabo,
1425 2546 1576 2610 ite'm
1623 2567 1740 2608 nos
1786 2546 2114 2628 perhiberi.

451 2674 619 2743 Hinc
661 2676 918 2740 defendi
966 2685 1257 2756 potuerat
1301 2678 1359 2736 in
1407 2675 1576 2737 Tria.
1620 2674 1785 2738 272:

620 2819 777 2886 Βόηἰ
817 2826 936 2886 sibi
982 2822 1142 2886 haec
1186 2818 1532 2905 expetunt:
1580 2825 1734 2909 rem,
1781 2828 1992 2910 fidem,
2036 2828 2361 2910 honorem,

455 2964 524 3016 ut
567 2936 747 3017 -de'm
809 2957 926 3016 Ιιο-
984 2957 1108 3016 sint
1165 2972 1280 3037 pro
1339 2974 1464 3020 una
1524 2959 1749 3041 longa:
1810 2961 1929 3021 nisi
1990 2961 2294 3041 perfacile
2354 2971 2502 3040 post
2561 2983 2656 3021 em

401 3153 407 3160 ,
454 3089 748 3153 excidere
788 3096 851 3151 el
891 3092 1180 3169 potuerit.
1271 3093 1337 3153 ln
1382 3094 1818 3156 Mostellariae
1864 3114 2059 3156 versu
2103 3113 2198 3177 lv,
2242 3097 2309 3173 2,
2354 3092 2469 3158 33:

618 3219 787 3303 Quoi
828 3218 1110 3285 bomini?
1155 3224 1291 3286 PH.
1337 3244 1442 3285 ero
1482 3223 1735 3290 nostro:
1784 3192 2046 3308 quaeso,
2093 3225 2391 3309 quotiens
2424 3228 2656 3289 dicun·

1821 3355 2035 3423 dtirnst
2080 3360 2186 3423 tibi

455 3519 579 3561 non
621 3507 767 3560 suut
809 3514 920 3577 pro
965 3500 1314 3576 anapaesto
1361 3494 1476 3557 -m'
1512 3517 1620 3557 ero
1659 3495 1970 3576 syllabae,
2016 3493 2133 3556 sed
2169 3494 2653 3576 niproducitur,

452 3648 574 3693 una
619 3638 831 3691 autem
879 3630 1130 3709 syllaba
1176 3633 1611 3710 pronuntiatur
1655 3652 1781 3712 ero,
1830 3638 1896 3691 ut
1924 3630 1982 3690 iu
2012 3632 2423 3711 anapaestico
2452 3624 2652 3690 Stichi

453 3779 527 3841 11,
578 3761 632 3843 1,
679 3760 796 3821 40:

613 3894 823 3956 Nimis
867 3892 1094 3985 uellem
1141 3896 1261 3958 hae
1306 3896 1478 3957 fores
1522 3910 1700 3957 erum
1748 3892 2107 3976 fugissent:

452 4027 536 4089 de
578 4045 705 4108 quo
750 4045 890 4109 cap.
936 4047 1026 4094 xi,
1067 4028 1324 4091 dictum.

618 4162 833 4242 Atque
876 4161 952 4241 hi¹
984 4160 1235 4242 quidem
1278 4161 1491 4224 hiatus
1539 4164 1598 4223 iu
1643 4164 1852 4244 arsi,
1909 4168 1969 4225 si
2014 4162 2199 4225 modo
2242 4160 2436 4242 flunt,
2498 4161 2649 4221 fluat

451 4314 703 4357 omues:
749 4299 976 4377 quibus
1020 4298 1213 4360 multo
1257 4299 1446 4360 etiam
1491 4299 1864 4362 incertiores
1886 4310 2033 4360 sunt
2064 4303 2170 4379 qui
2203 4296 2466 4360 admissi
2497 4314 2645 4358 esse
