2824 4890
518 341 939 406 Lxxxvln

455 558 465 569 ·
513 523 982 607 frequentatum
1025 523 1087 586 in
1130 521 1335 586 Milite
1374 520 1662 605 glorioso
1707 522 2275 604 Periplectomene,
2323 524 2502 607 idque
2541 523 2674 587 adeo

517 663 702 722 iuxta
746 656 959 739 posito
1002 657 1342 719 Pleusicles
1383 672 1481 734 m,
1528 653 1587 735 1,
1631 653 1741 717 16:

606 788 945 853 Euocaboz
997 787 1160 851 heus
1186 788 1736 869 Periplectomene
1766 795 1832 849 et
1854 783 2218 866 Pleusides,
2263 779 2678 868 progredimini.

520 924 611 987 At
653 943 732 986 ea
783 926 924 1006 ipsa
965 923 1247 987 societas
1286 941 1534 1008 augere
1573 922 2004 1005 suspicionem
2031 930 2099 984 et
2121 939 2377 984 monere
2407 919 2485 982 de
2506 934 2678 982 naevo

518 1054 816 1120 debebat.
900 1057 1052 1119 Non
1114 1055 1324 1137 magis
1382 1056 1549 1118 enim
1608 1073 1647 1118 a
1706 1056 2095 1120 nominativo
2148 1056 2210 1118 in
2262 1076 2335 1117 es
2384 1052 2677 1117 terminato

520 1191 756 1256 factum
803 1195 1344 1273 Periplectomene
1384 1210 1575 1275 quam
1619 1192 1920 1272 Eutyche
1971 1191 2032 1253 in
2075 1192 2442 1254 Mercatore
2464 1231 2485 1269 ,
2541 1185 2677 1268 quod

522 1325 605 1388 ab
669 1327 1016 1407 Eutychus
1082 1326 1352 1391 ducitur.
1457 1326 1548 1388 At
1611 1344 1768 1387 vero
1831 1325 2417 1402 Periplectomenus
2474 1321 2678 1385 ratione

514 1464 713 1522 earet.
803 1454 1000 1521 Caret
1043 1473 1242 1521 vero:
1304 1454 1741 1541 quaerendum
1791 1456 1987 1538 igitur
2031 1453 2551 1540 quod2congrunt
2587 1470 2674 1512 ra-

513 1591 691 1655 tioni.
789 1590 999 1655 Recte
1052 1598 1264 1654 autem
1326 1608 1404 1652 se
1463 1588 1701 1682 habere
1755 1586 1880 1650 duo
1939 1587 2080 1650 sota
2134 1598 2447 1671 possunt,
2509 1596 2607 1651 aut
2646 1603 2676 1647 ι

513 1711 1119 1808 περιπληττόμενος
1170 1724 1407 1785 sactum
1454 1723 2028 1801 Peripleuomenue
2073 1730 2189 1786 aut
2227 1740 2268 1785 a
2316 1706 2676 1807 περιπλεκό-

519 1871 716 1932 μενος
752 1855 1508 1933 Periplecomenus.
1590 1854 1742 1916 Non
1786 1854 2076 1938 ambiges
2104 1856 2353 1936 opinor,
2396 1864 2583 1918 utrum
2617 1845 2678 1911 ad

514 1987 721 2064 ipsam
765 1982 1040 2046 indolem
1081 1981 1274 2065 lepidi
1310 1984 1486 2046 senis
1518 2001 1674 2047 esse
1712 1986 1924 2066 aptius
1970 1984 2172 2048 dicas.
2256 1982 2678 2050 Ratiocinatio·

513 2133 659 2177 nem
702 2123 922 2178 antem
963 2124 1246 2180 nostram
1292 2135 1417 2180 una
1464 2137 1549 2180 ex
1589 2126 1769 2199 parte
1812 2120 2185 2199 planissime
2225 2120 2551 2182 confirmat
2585 2132 2677 2178 oo·
2778 2176 2780 2183 ,

516 2248 725 2312 dicum
773 2253 1165 2331 auctoritas,
1210 2250 1314 2332 qui
1356 2269 1482 2313 non
1529 2258 1768 2312 tantum
1811 2249 1874 2313 in
1919 2253 2196 2334 quinque
2236 2270 2566 2316 scenarum
2602 2248 2678 2311 in-

511 2380 968 2465 scriptionibus
992 2426 1012 2464 ,
1054 2379 1408 2444 sedetiam
1455 2385 1519 2443 in
1565 2400 1644 2444 eo
1687 2382 1833 2447 loco
1876 2381 2134 2447 fabulae
2174 2388 2310 2470 (m,
2357 2384 2421 2465 2,
2462 2384 2598 2464 56),
2629 2381 2676 2443 in

505 2538 631 2603 quo
690 2518 1118 2581 nominativus
1174 2518 1749 2598 Periplectomene
1803 2516 1949 2580 inde
2003 2518 2085 2579 ab
2148 2518 2397 2599 aliquot
2444 2513 2676 2581 saeculi·

507 2656 845 2739 vulgatur,
907 2656 1108 2738 ipsam
1160 2676 1244 2718 ue
1293 2654 1797 2718 terminationem
1851 2660 2181 2715 testentur.
2265 2652 2405 2716 Sed
2457 2649 2675 2714 eosdem

511 2804 671 2850 sane
712 2786 979 2850 alterum
1022 2786 1244 2849 vitium
1294 2805 1517 2849 omnes
1556 2784 1818 2850 insidetz
1877 2785 1999 2848 nisi
2057 2779 2223 2868 quod
2267 2785 2568 2867 perdubio
2600 2783 2676 2844 in·
2775 2821 2776 2828 κ

503 2918 674 2982 dicio
717 2919 854 2981 veri
899 2920 1101 2982 semel
1142 2919 1634 2997 peripletomene
1674 2918 1980 2999 scriptum
2023 2927 2129 2982 est
2167 2918 2227 2982 in
2260 2921 2385 2985 CB
2429 2937 2494 3001 11,
2517 2920 2577 2997 2,
2601 2912 2675 2976 15-

512 3052 825 3132 Dispares
892 3060 1104 3114 tamen
1162 3052 1263 3115 his
1328 3053 1621 3116 omnibus
1675 3052 1897 3114 Lache
1951 3053 2224 3116 Chreme
2283 3054 2559 3117 formae:
2614 3043 2676 3106 do

510 3180 763 3263 quibus,
808 3182 1100 3265 quoniam
1146 3181 1211 3244 id
1255 3182 1338 3246 ad
1370 3185 1661 3246 Plautum
1700 3183 1846 3246 nihil
1894 3185 2188 3266 pertinet,
2232 3203 2406 3248 nune
2445 3201 2562 3245 non
2600 3176 2679 3240 di-
2773 3225 2774 3230 1

503 3331 665 3379 cam.
724 3342 807 3358 -·
889 3315 1254 3395 Supersunt
1306 3317 1433 3379 alia
1485 3315 1567 3378 de
1610 3317 1841 3400 quibus
1883 3337 2006 3380 non
2052 3318 2268 3381 inutile
2323 3320 2511 3383 fuerit
2559 3313 2675 3376 olim
2771 3367 2772 3374 ,

504 3444 720 3508 dedita
754 3465 952 3529 opera
980 3446 1326 3529 disserere,
1374 3456 1445 3510 ut
1471 3459 1959 3534 controversum
2007 3451 2156 3514 illud
2200 3453 2426 3515 Iu'aece
2461 3470 2522 3513 v.
2550 3444 2675 3511 87⁷:
2771 3485 2772 3502 ἦ

490 3579 602 3641 vel
655 3597 777 3642 non
838 3588 1295 3645 controversae
1339 3589 1407 3645 et
1450 3591 1664 3645 tanuen
1708 3601 1747 3646 a
1789 3582 2173 3668 hadewigio
2229 3605 2434 3667 nuper
2482 3581 2664 3647 adda·
2769 3637 2770 3644 ,

502 3711 748 3774 bitatae
790 3712 1034 3776 formae
1074 3733 1485 3793 peruentum,
1520 3724 1870 3778 convertat
1909 3716 2013 3795 (v.
2054 3717 2183 3780 582
2219 3719 2561 3800 reposita):
2595 3708 2677 3776 vel
2768 3757 2771 3766 ⁴

490 3847 635 3925 fac
680 3853 750 3907 et
785 3848 981 3926 face
1024 3846 1364 3910 formarum
1406 3846 1669 3929 (quibus
1711 3851 2233 3929 praetermissum
2277 3853 2477 3934 vulgo
2511 3843 2619 3927 §er
2647 3858 2676 3900 ο

500 3973 749 4039 Catulli
789 3994 1007 4059 xxvu,
1055 3976 1099 4039 2
1140 3978 1534 4055 addendum)
1581 3991 1803 4045 mutua
1843 3983 2005 4046 ratio
2048 4004 2113 4049 v,
2162 3983 2302 4045 174.
2353 3982 2551 4045 1008:
2589 3970 2676 4038 vel
2766 4013 2768 4045 A

503 4126 620 4187 pro
684 4113 896 4186 ipsum
953 4114 1098 4191 ipsa
1154 4112 1362 4193 posita
1411 4133 1737 4190 eumpse
1791 4134 2041 4191 eapse
2096 4134 2158 4181 v.
2201 4115 2357 4180 800.
2400 4114 2541 4178 950.
2577 4104 2678 4174 97⁴

497 4241 679 4308 alibi:
739 4246 844 4306 vel
886 4247 1112 4309 honos
1170 4267 1285 4328 pro
1326 4250 1532 4313 honor
1572 4270 1637 4317 v·
1678 4248 1825 4314 663.
1864 4250 2024 4317 69⁷2
2084 4272 2275 4317 unum
2337 4262 2442 4324 est
2492 4257 2673 4314 autem
2765 4307 2766 4312 ,
