2824 4890
2211 329 2378 397 xxi

331 509 471 574 SY.
511 508 656 574 Fac
698 526 840 590 me,
886 507 945 572 si
986 508 1160 583 sola,
1205 509 1584 592 certiorem,
1633 510 1815 575 hisce
1856 511 2143 575 homines
2185 512 2289 575 ubi

1361 640 1673 718 habitent,
1716 650 1916 720 pater.

332 773 479 841 CH.
523 770 691 852 Quid
735 790 854 835 eos
898 771 1197 855 quaeris?
1240 782 1352 838 aut
1396 775 1538 856 quis
1582 772 1707 839 es?
1751 782 1860 838 aut
1901 771 2172 840 uude’s‘3
2216 782 2326 838 aut

1375 904 1545 970 unde
1589 904 1907 972 aduenis?

326 1040 466 1105 SY.
511 1038 770 1102 Census
812 1057 1003 1123 quom
1040 1056 1206 1119 sum,
1243 1038 1502 1101 iuratori
1544 1048 1726 1105 recte
1767 1042 2079 1103 rationem
2121 1040 2290 1104 dedi.

325 1175 472 1239 GH.
522 1176 756 1241 Tamne
795 1179 1092 1249 saeviter,
1137 1176 1523 1238 adulescens
1536 1178 1571 1238 7
1606 1183 1680 1239 tu
1718 1180 1783 1239 si
1820 1180 1934 1239 tibi
1956 1199 2056 1239 me
2078 1177 2375 1258 postulas

500 1309 681 1371 Dare
718 1328 978 1387 operam
999 1351 1023 1384 ,
1075 1316 1406 1388 aequomst
1445 1312 1830 1389 respondere
1871 1312 2031 1385 milti
2067 1318 2128 1372 te
2142 1357 2160 1388 ,
2204 1313 2376 1392 quod

1494 1462 1609 1520 eqo
1651 1450 1712 1504 te
1752 1464 1924 1522 roqo.

314 1575 450 1638 sY.
496 1573 700 1636 Multa
715 1574 906 1637 simul
920 1592 1145 1659 rogas:
1171 1579 1389 1640 nescio
1409 1576 1558 1658 quid
1575 1576 1911 1659 expediam
1927 1581 2370 1660 potissumum.

148 1709 372 1792 Atque
414 1707 538 1770 hos
584 1709 938 1771 versiculos
981 1728 1333 1792 quanquam
1379 1719 1626 1773 tantum
1672 1712 1943 1793 exempli
1988 1725 2223 1774 caussa
2267 1711 2371 1775 lu-

146 1845 408 1923 simus,
474 1852 685 1906 tamen
744 1863 868 1908 uua
928 1845 987 1908 in
1049 1846 1173 1909 illis
1214 1867 1350 1910 vox
1393 1856 1543 1930 est,
1602 1854 1789 1931 quam
1849 1847 1931 1910 ab
1988 1848 2127 1929 ipso
2181 1855 2373 1930 poeta

142 1979 522 2061 profectam
569 1994 722 2039 esse
767 1986 943 2040 certo
987 1976 1370 2049 documento
1414 1981 1899 2044 ratiocinemur:
1941 1999 2066 2062 quo
2112 1981 2369 2062 quidem

137 2111 550 2175 documento
606 2129 851 2173 rursum
910 2112 1111 2174 omnis
1168 2112 1247 2176 tle
1291 2114 1520 2178 lacuna
1565 2116 1933 2179 coniectura
1980 2125 2198 2178 nostra
2242 2135 2369 2180 non

136 2243 571 2308 mediocriter
631 2242 1058 2308 confirmatur.
1142 2247 1394 2311 Etenim
1457 2248 1625 2330 quod
1685 2250 1916 2313 abhinc
1969 2248 2285 2312 biennium
2330 2268 2370 2312 a

135 2377 335 2440 nobis
381 2376 617 2438 editum
662 2385 764 2439 est
806 2374 1210 2440 Glossarium
1240 2379 1605 2442 Plautinum
1652 2380 1684 2456 (
1694 2381 1985 2442 Prooem.
2009 2380 2141 2443 Iud.
2164 2380 2366 2444 schol.

144 2519 323 2578 aest.
370 2513 575 2574 Bonn-
629 2532 689 2575 a.
724 2493 1398 2596 M,
1456 2519 1524 2579 in
1584 2535 1665 2579 eo
1725 2533 1866 2578 cum
1918 2536 1956 2578 e
2000 2518 2369 2581 Trinummo

148 2654 515 2723 excerptae
569 2660 692 2705 sex
747 2660 954 2707 voces
1009 2644 1137 2708 hoc
1190 2645 1408 2709 ordine
1463 2657 1759 2712 exstent:
1826 2654 2045 2726 nmis,
2117 2651 2360 2726 neuun,

141 2775 651 2843 nudiruseoetm,
698 2777 1101 2854 usquemodo,
1151 2782 1448 2855 saeuiter,
1489 2799 1672 2857 parc:
1719 2778 2201 2860 diligentissime
2244 2798 2367 2842 au-

149 2914 289 2972 tem
332 2925 452 2988 per
498 2923 721 2968 omues
778 2905 1030 2968 fabulas
1085 2909 1548 2990 grammaticus
1585 2910 1693 2972 ille
1735 2927 2048 2973 versuum
2086 2911 2366 2974 ordinem

142 3038 551 3103 observarit:
610 3038 1021 3120 consequitur
1076 3048 1149 3102 ut
1199 3041 1362 3101 inter
1402 3059 1611 3121 usque
1650 3044 1869 3117 modo,
1932 3041 2102 3124 quod
2145 3050 2364 3105 exstat

144 3194 215 3243 v.
264 3174 423 3255 82⁵7,
470 3181 537 3237 et
574 3193 735 3252 pate,
786 3172 956 3254 quod
1002 3173 1205 3236 habes
1249 3191 1315 3235 v.
1355 3172 1523 3255 891,
1569 3174 1721 3236 olim
1764 3175 1968 3238 lectus
2010 3175 2091 3236 sit
2136 3174 2364 3255 aliquis

138 3336 391 3381 versus
454 3317 516 3379 in
574 3336 698 3398 quo
757 3324 937 3379 esset
988 3323 1289 3380 saeviter.
1385 3318 1543 3380 Eius
1598 3336 1832 3381 versus
1896 3326 1962 3380 et
2013 3316 2232 3380 sedem
2293 3327 2360 3381 et

144 3451 548 3513 sententiam
610 3450 732 3513 iam
789 3449 1079 3512 videmur
1131 3429 1256 3512 uon
1316 3452 1609 3532 profecto
1654 3449 2146 3530 improbabiliter
2198 3468 2363 3530 ape-

144 3584 387 3645 ruisse.
443 3581 741 3648 Ceterum
773 3582 1006 3646 licebat
1030 3584 1251 3648 etiam:
1295 3585 1583 3645 Nimium
1619 3587 1915 3654 saeviter,
1962 3581 2360 3643 adulescens.

321 3715 471 3776 Non
518 3714 909 3778 necessitate
952 3712 1450 3810 demonstrandi,
1496 3721 1564 3774 at
1606 3712 2014 3776 ratiocinandi
2059 3712 2360 3793 probabi-

146 3848 340 3911 litate
385 3848 654 3928 utimur‚
715 3864 858 3910 cum
901 3851 1090 3911 etiam
1137 3855 1285 3929 post
1329 3869 1393 3910 v.
1432 3848 1556 3912 901
1608 3847 1921 3929 quaedam
1967 3847 2202 3911 deesse
2244 3862 2360 3906 su-

142 3981 488 4064 spicamur.
578 3978 1009 4043 convicturus
1087 3981 1553 4063 sycophantam
1612 3982 1907 4045 fallaciae
1967 3981 2095 4044 alia
2143 3998 2226 4041 ex
2284 3995 2363 4042 eo

144 4116 540 4182 Charmides
583 4118 868 4198 quaerit,
920 4116 1014 4180 fad
1058 4135 1225 4199 quae
1269 4118 1371 4180 ille
1416 4134 1683 4199 prorsus
1731 4121 1983 4198 praeter
2023 4112 2363 4175 veritatem

144 4253 535 4337 respondet:
580 4270 805 4336 unum,
850 4251 933 4317 ad
975 4252 1145 4336 quod
1178 4252 1537 4334 verissime,
1584 4270 1729 4317 cum
1764 4250 2109 4315 Seleuciae
2155 4252 2360 4316 fuisse
