2824 4890
348 351 575 415 XLV!

352 536 820 613 rentianus,
865 534 1025 594 inter
1068 528 1444 595 Gaddianos
1491 533 1571 611 pl.
1615 548 1881 596 mcxxxi.
1932 534 2045 615 12,
2089 538 2294 615 ipsam
2333 545 2562 597 exter-

356 685 502 730 nam
546 667 824 748 speciem
871 666 1198 730 Vrsiniani
1240 684 1491 728 summa
1534 664 1664 728 fide
1706 668 1810 728 vel
1855 668 2294 730 minutissimis
2338 670 2398 730 in
2447 688 2558 730 re·-

358 800 482 863 bus
538 801 871 879 referens,
932 810 1002 863 ut
1057 802 1350 882 exemplo
1405 801 1594 865 docui
1641 804 1854 865 Musei
1912 805 2122 885 philol.
2169 823 2267 886 iv,
2310 825 2371 886 p.
2411 804 2561 868 356.

361 931 636 995 Rursum
680 932 865 993 huius
908 931 1106 1013 ipsius
1168 931 1604 1013 apographum
1652 934 1762 995 vix
1806 934 2121 1014 ambiguis
2163 934 2410 997 indiciis
2453 937 2560 997 in-

361 1065 575 1128 tellexi
622 1066 691 1126 Ε
731 1082 916 1139 esse,
976 1064 1183 1146 qualis
1245 1064 1498 1146 quidem
1545 1084 1583 1126 a
1626 1068 1823 1147 prima
1882 1086 2071 1131 manu
2115 1068 2347 1149 prodiit
2390 1069 2453 1132 h.
2496 1089 2555 1132 e.

357 1201 479 1261 Ea.
563 1199 721 1260 Eius
780 1198 973 1280 igitur
1016 1201 1396 1278 scripturam
1459 1215 1574 1278 per
1612 1206 1809 1261 totam
1857 1198 2290 1272 'l'rinummum
2332 1198 2563 1262 sedulo

359 1338 632 1416 apposui
686 1334 813 1397 hoc
865 1332 1168 1413 consilio,
1221 1341 1292 1394 ut
1346 1352 1425 1396 eo
1467 1350 1750 1414 possen·
1772 1331 2109 1427 aliquando
2157 1353 2270 1414 pro
2313 1333 2453 1414 ipso
2494 1338 2563 1396 D

359 1469 422 1530 in
467 1468 561 1529 eis
606 1468 841 1529 fabulis
888 1468 998 1546 uti,
1045 1467 1107 1528 in
1155 1466 1384 1547 quibus
1424 1485 1546 1528 non
1588 1476 1874 1545 paratam
1913 1466 2210 1530 haberem
2238 1467 2566 1529 Vrsiniani

362 1599 780 1661 collationem.
867 1598 991 1676 Qui
1033 1617 1221 1681 quam
1268 1599 1505 1678 exiguo
1558 1609 1668 1661 aut
1711 1599 2166 1679 propemodum
2227 1601 2396 1663 nulio
2457 1604 2565 1663 in-

367 1730 634 1791 tervallo
695 1732 861 1790 inter
915 1746 991 1790 se
1053 1726 1325 1807 distent,
1393 1727 1737 1790 ostendere
1809 1728 1958 1792 talia
2014 1739 2283 1809 possunt
2342 1733 2558 1811 qualia

366 1859 569 1923 habes
614 1879 681 1920 v.
721 1858 849 1921 303
886 1880 1006 1937 pro
1044 1863 1247 1939 inyeo,
1287 1857 1417 1922 398
1456 1862 1589 1940 his,
1638 1862 1755 1923 411
1799 1863 2014 1944 histis,
2062 1862 2189 1927 532
2227 1869 2416 1943 inops
2440 1866 2567 1925 he-

360 1997 593 2070 rendo,
647 1992 774 2055 877
813 1994 1027 2072 eosce,
1098 1993 1494 2070 geminatum
1558 2012 1621 2057 v,
1667 1993 1786 2057 '761
1836 1996 2023 2069 mihi,
2088 2013 2155 2058 V.
2196 1994 2322 2057 '748
2359 2013 2399 2055 e
2442 1997 2567 2055 de·-

363 2119 622 2228 ρξρξταχ·
652 2133 863 2187 natum
915 2128 1264 2223 depupftas.
1348 2126 1643 2207 Denique
1688 2125 1767 2188 ad
1813 2125 1978 2189 idem
2022 2144 2250 2208 genus,
2295 2129 2568 2190 utfmit-

367 2273 496 2326 tam
550 2263 745 2340 alios,
809 2261 914 2323 ille
971 2260 1128 2323 liber
1185 2258 1599 2341 referendus,
1671 2279 1858 2341 quem
1921 2261 2216 2325 Nrcomu
2272 2262 2571 2326 Nrccom

369 2415 557 2460 mauu
596 2394 898 2476 scriptum
940 2393 1004 2456 in
1047 2393 1375 2457 Marciana
1421 2411 1583 2476 quae
1626 2392 1986 2457 Florentiae
2035 2404 2141 2457 est
2180 2394 2571 2461 bibliotheca

365 2530 748 2593 Laurentius
811 2528 1152 2591 Mehusius
1195 2526 1358 2590 vidit
1410 2536 1478 2589 et
1535 2527 1596 2589 in
1643 2528 2039 2608 praefatione
2096 2529 2176 2593 ad
2235 2531 2569 2593 Ambrosii

362 2665 763 2729 'traversarii
822 2663 1026 2744 Epist.
1082 2668 1151 2723 et
1203 2671 1359 2726 orat.
1418 2682 1479 2743 p.
1535 2679 1717 2724 nm.
1786 2660 2120 2745 diiigenter
2186 2662 2571 2745 descripsit:

363 2802 535 2865 unde
576 2801 637 2862 ni
677 2799 857 2862 failor
895 2796 1222 2878 profectus
1278 2795 1626 2877 principem
1670 2794 1885 2858 Plauti
1940 2794 2281 2858 editionem
2330 2797 2570 2859 Fabri-

366 2939 511 2997 cius
552 2933 711 2996 Bibl.
755 2933 862 2993 lat.
907 2950 966 3011 p.
998 2929 1075 2990 15
1114 2929 1267 2991 Ern.
1309 2928 1485 2990 nullo
1523 2935 1899 3010 argumento
1947 2926 2104 2990 dixit
2134 2929 2570 2995 eFlorentino

364 3066 590 3129 codice
632 3080 1006 3144 expressam
1054 3079 1221 3127 esse.

529 3200 822 3261 Transeo
878 3197 959 3260 ad
1007 3205 1300 3261 correcta
1361 3196 1793 3280 exemplaria,
1854 3216 2117 3280 quorum
2169 3196 2443 3260 indolem
2503 3207 2571 3259 et

364 3309 672 3395 rationem
731 3332 1090 3394 summatim
1149 3328 1466 3412 descripsi
1522 3328 1605 3390 de
1645 3331 1792 3392 crisi
1836 3331 1927 3392 Pl.
1973 3348 2032 3410 p.
2082 3330 2199 3393 172
2238 3348 2380 3412 sqq.
2465 3332 2574 3393 Ac

363 3466 630 3548 primum
671 3462 1032 3544 corrigendi
1076 3480 1333 3545 operam
1376 3461 1550 3524 illam
1595 3460 1924 3524 sciendum
1965 3471 2071 3524 est
2113 3483 2239 3525 uon
2299 3466 2568 3526 aliorum

364 3596 427 3658 in
488 3595 628 3658 aliis
686 3593 1014 3657 codicibus
1054 3595 1243 3659 aliam
1289 3595 1538 3674 fuisse,
1595 3592 1713 3655 sed
1775 3596 1976 3656 semel
2038 3597 2119 3657 ab
2182 3614 2308 3658 uno
2357 3597 2571 3678 aliquo

364 3729 587 3792 critico
646 3738 1020 3811 susceptam
1076 3738 1142 3791 et
1199 3729 1551 3810 perfectam
1579 3772 1600 3808 ,
1660 3728 1765 3809 qui
1825 3730 2137 3792 consulito
2194 3731 2299 3793 iila
2351 3740 2572 3795 aetate

365 3882 540 3925 more
583 3884 662 3928 ac
706 3864 977 3928 consitio
1035 3867 1278 3946 optime
1333 3863 1456 3925 sibi
1501 3861 1825 3924 videretur
1870 3881 1950 3925 ea
1993 3883 2062 3924 re
2104 3863 2186 3925 de
2228 3863 2462 3926 Plauto
2505 3868 2574 3925 et

361 3996 546 4059 bonis
591 3997 814 4060 litteris
856 3997 1212 4061 meriturus.
1260 3996 1423 4075 Quis
1471 3997 1661 4060 fuerit
1703 3998 1807 4079 qui
1849 3998 1974 4060 hoc
2003 3996 2339 4086 praestitit,
2372 3996 2574 4075 igno-

358 4136 567 4194 ratur:
639 4128 722 4192 de
760 4130 1069 4191 Amul-uo
1124 4127 1575 4201 vunnim-A,
1638 4128 1845 4191 Plauti
1905 4128 2007 4191 ino
2064 4127 2569 4206 studiosissimo,

362 4271 555 4346 atque
596 4260 761 4326 adeo
802 4279 1140 4326 scenarum
1169 4258 1560 4343 quarundam
1583 4259 1975 4324 noviciarum
1998 4261 2338 4342 scriptore,
2372 4277 2566 4341 quam
