2824 4890
1930 341 2314 406 CLXXVII

280 527 421 589 Nisi
462 522 616 609 quid
658 524 741 587 mi
789 527 932 606 opis
976 522 1038 585 di
1084 522 1264 603 dant,
1308 517 1599 604 disperii:
1661 542 1868 605 neque
1915 525 2078 586 unde
2118 524 2316 589 auxi-

1300 660 1444 721 lium
1492 668 1791 740 expetam
1830 679 1957 741 ego
2002 660 2226 724 habeo.

281 792 374 852 lta
431 788 780 871 petulantia
834 791 1132 853 miseram
1189 786 1384 850 habet
1441 792 1666 853 anirniz
1725 808 1888 872 quae
1948 792 2010 853 in
2062 792 2315 878 tergum

1304 940 1515 983 meum
1562 942 1646 984 ne
1688 920 1929 1006 ueniat,

279 1055 451 1117 Male
496 1051 796 1134 fdrmido,
842 1055 901 1116 si
944 1073 1055 1116 era
1098 1053 1420 1118 resciscat
1464 1065 1594 1119 tam
1638 1054 1979 1119 adcordem
2022 1073 2175 1119 esse
2220 1039 2332 1120 me‘

1303 1185 1495 1269 quim
1537 1206 1700 1253 sum.

278 1319 486 1398 Quam
550 1320 608 1381 in
667 1318 958 1383 manibus
1015 1323 1187 1383 tenui
1241 1330 1434 1402 atquc
1477 1319 1745 1400 accepi·
1790 1319 1897 1384 hic
1937 1319 2088 1385 sinte
2134 1321 2318 1384 aedis

1290 1452 1634 1533 cistellam,

282 1581 406 1642 Vbi
450 1580 623 1663 east,
670 1584 924 1647 nescio:
967 1584 1113 1666 nisi,
1163 1593 1232 1647 ut
1262 1584 1389 1666 ego
1420 1588 1666 1667 opinor,
1714 1587 1856 1651 loca
1899 1587 2151 1650 circiter
2196 1606 2321 1649 ex-

1300 1714 1453 1777 cidit
1496 1715 1661 1781 hadc
1703 1720 1806 1779 mi.

125 1851 324 1913 Multo
357 1850 565 1911 minus
600 1847 913 1929 producta
957 1849 1170 1911 ultima
1208 1854 1409 1928 igitur
1450 1851 1845 1915 afferendum
1878 1864 2017 1916 erat
2046 1875 2131 1918 ex
2164 1859 2327 1919 Am-

124 1984 468 2064 phitruonis
512 1985 635 2062 (11,
678 1984 743 2063 2,
788 1982 903 2055 87)
946 2000 1023 2042 eo
1068 1984 1249 2063 loco,
1314 1983 1373 2043 in
1433 2002 1557 2065 quo
1618 2004 1930 2066 personae
1971 1997 2324 2052 mutanturt

126 2119 220 2177 vel
257 2120 502 2177 dicitur
542 2135 579 2176 e
626 2113 833 2175 medio
878 2113 1242 2193 septenario
1306 2115 1581 2176 iambico
1626 2118 1807 2179 Asin.
1852 2136 1927 2198 11,
1975 2116 2036 2201 3,
2084 2121 2160 2182 2:
2221 2120 2330 2181 vel

129 2249 343 2320 agitur
385 2263 427 2304 e
473 2241 676 2306 Stich.
719 2258 820 2321 ιν,
871 2240 929 2319 1,
976 2237 1084 2315 23,
1134 2240 1236 2301 ubi
1281 2242 1340 2301 in
1384 2244 1690 2305 trochaici
1734 2245 1908 2308 initio
1959 2246 2141 2321 Quid
2179 2254 2328 2325 ayn·-

125 2389 225 2441 tm·
267 2377 633 2463 Epiyuo‘mq
672 2399 820 2456 non,
865 2378 1032 2461 quod
1073 2380 1344 2461 bingius
1404 2379 1558 2443 dicit
1613 2380 1695 2444 de
1739 2381 1917 2444 hiatu
1960 2402 2019 2465 p.
2063 2383 2146 2447 48
2187 2384 2332 2465 (qui

127 2518 184 2575 in
236 2515 368 2575 hac
429 2513 596 2572 omni
661 2528 901 2573 caussa
956 2510 1108 2573 nihil
1167 2513 1438 2593 profecit
1493 2512 1937 2595 disputando),
2002 2513 2334 2594 productio

123 2645 603 2707 excusationem
648 2662 686 2705 a
731 2645 1033 2725 contiguo
1079 2645 1331 2706 nomine
1389 2645 1645 2726 proprio
1696 2644 1928 2723 habet,
1988 2660 2155 2725 quae
2210 2661 2334 2705 ex·-

128 2778 377 2840 cusatio
437 2777 605 2838 nulia
661 2785 799 2857 est,
857 2775 972 2836 sed
1030 2774 1381 2837 secundum
1441 2773 1672 2856 pedem
1717 2773 2073 2837 tribrachus
2119 2774 2339 2839 efficit.

124 2910 400 2972 Sublato
448 2918 660 2970 autem
701 2913 954 2985 pauper
998 2906 1102 2967 illo
1146 2924 1265 2967 nec
1302 2913 1520 2984 pater,
1584 2906 1765 2987 cuius
1819 2912 2005 2970 vocis
2052 2915 2229 2971 tanta
2273 2913 2340 2970 in

121 3043 415 3107 familiari
458 3059 756 3103 sermone
785 3039 1164 3121 frequentia,
1209 3039 1415 3100 semel
1451 3040 1511 3100 in
1548 3041 1773 3119 viginti
1802 3041 2151 3103 comoediis
2183 3060 2337 3121 pro-

127 3174 321 3238 ducta
380 3173 599 3234 ultima
659 3174 929 3253 positum
991 3171 1328 3233 credemus
1386 3172 1597 3236 Aulul.
1643 3189 1755 3251 lv,
1806 3171 1918 3251 10,
1961 3171 2080 3247 53,
2142 3189 2331 3252 quem

135 3305 397 3368 adiecta
442 3305 594 3364 hinc
641 3303 875 3363 vocula
924 3299 1325 3382 redintegro:

295 3454 495 3518 Meus
541 3455 657 3516 fuit
693 3464 873 3536 pater
896 3448 1046 3514 hinc
1079 3449 1522 3530 Antimachus,
1570 3448 1690 3530 ego
1720 3468 1918 3512 vocor
1944 3447 2345 3532 Lyconides:

119 3630 198 3674 ea
246 3610 514 3695 quidem
567 3610 720 3669 liinc
765 3606 1118 3688 particulae
1162 3613 1514 3687 potestate,
1560 3622 1687 3685 qua
1736 3602 1909 3665 Tria.
1951 3599 2078 3666 326
2118 3602 2348 3683 scripsi

115 3752 529 3814 adulescenti
595 3747 746 3806 lu’nc
808 3764 1048 3822 yenere
1108 3762 1383 3814 summo,
1455 3740 1765 3803 debebam
1831 3750 1897 3802 ut
1958 3760 2104 3802 sero
2150 3739 2343 3800 video

116 3887 317 3948 etiam
366 3901 429 3944 v.
474 3878 601 3941 358
644 3878 1012 3940 Lesbonico
1073 3878 1227 3936 hinc
1287 3876 1686 3937 adulescenti
1740 3875 2042 3937 scribere.
2129 3871 2360 3951 Semel⁸

124 4026 408 4080 exstare
451 4012 830 4095 productum
870 4018 1062 4091 pater
1105 4010 1271 4075 dixi:
1336 4029 1478 4071 nam
1525 4010 1705 4071 Asin.
1751 4024 1847 4088 lv,
1891 4006 1957 4085 2,
2008 4005 2035 4067 1
2084 4002 2351 4065 mutatio

123 4151 195 4214 fit
258 4165 726 4231 personarum,
788 4145 1139 4207 'l'rinummi
1195 4150 1407 4204 autem
1480 4160 1540 4200 v.
1599 4138 1727 4200 645
1787 4137 1908 4198 etsi
1976 4134 2114 4196 ma·
2160 4134 2349 4215 pate'r

130 4284 437 4363 nudaque
481 4282 543 4342 in
590 4279 1015 4341 Ambrosiauo
1052 4284 1176 4356 est,
1220 4286 1436 4337 tamen
1471 4291 1582 4355 per
1611 4270 1837 4333 librarii
1865 4277 2105 4330 tantum
2136 4270 2349 4353 negli-

302 4403 444 4443 vluti
472 4402 590 4441 Com.
624 4401 659 4440 Ι.
688 4401 728 4442 1.
756 4399 873 4440 Τήι.
1707 4427 1711 4430 .
1893 4394 1945 4437 u
