2824 4890
494 311 723 377 xvm

552 486 722 564 ΜΕ.
784 500 1021 564 Parata
1066 499 1185 562 dos
1231 498 1487 581 domist,
1532 501 1649 563 nisi
1697 508 2082 582 exspectare
2126 504 2246 582 uis,

781 632 875 693 Vt
918 651 1059 725 eam
1104 633 1244 694 sine
1290 632 1439 695 dote
1479 633 1677 695 frater
1718 643 1982 715 nuptum
2029 637 2347 712 conlocet,

781 750 947 826 Post¹
985 763 1184 826 adeas
1228 772 1360 827 tute
1406 765 1759 829 Philtonem
1808 774 1872 829 et
1916 765 2125 830 dotem
2172 767 2324 830 dare

783 898 878 960 Te
920 903 982 961 ei
1027 897 1207 961 dicas
1252 918 1308 962 e.
1355 917 1416 980 q.
1458 918 1513 962 s.

484 1030 792 1092 Sentiens
852 1047 1057 1112 grave
1111 1031 1577 1094 incommodum
1623 1034 1892 1097 Bothius
1938 1038 2248 1097 Pan-anda
2303 1041 2420 1099 dos
2469 1042 2707 1102 domist

486 1161 714 1228 ediditx
774 1164 945 1247 quod
998 1167 1226 1229 saltem
1280 1171 1579 1245 paranda
1632 1172 1747 1231 dos
1804 1177 1907 1230 est
1962 1167 2298 1255 dicendum
2359 1179 2496 1231 erat
2556 1171 2700 1234 sine

485 1301 692 1377 domi,
755 1310 949 1384 atque
1007 1302 1168 1366 adeo
1226 1304 1471 1365 rectius
1527 1307 1671 1365 eine
1710 1324 1888 1364 mora
1926 1308 2225 1382 paranda
2268 1307 2398 1365 dos·
2428 1312 2563 1381 est,
2623 1316 2699 1367 ut

484 1431 751 1498 haberet
817 1456 944 1519 quo
1006 1432 1349 1500 referretur
1417 1438 1586 1519 quod
1647 1439 2059 1521 consequitur
2118 1445 2250 1500 nisi
2312 1445 2698 1518 exspectare

480 1569 601 1626 uis.
657 1565 1178 1632 Consentaneum
1207 1582 1308 1634 est
1354 1580 1569 1634 autem
1619 1573 1901 1634 morandi
1948 1574 2491 1657 exspectandique
2518 1593 2693 1637 oon-

482 1698 688 1760 silium
732 1684 853 1783 ipsi
900 1704 1147 1766 Callicli
1191 1707 1251 1765 in
1295 1713 1571 1767 mentem
1615 1706 1897 1789 venisse,
1944 1726 2151 1790 eoque
2200 1708 2693 1791 Megaronidem

485 1830 809 1911 respicere
854 1851 916 1895 v,
963 1830 1089 1893 744
1129 1848 1303 1913 sqq.:

731 1965 928 2026 Nunc
968 1964 1022 2025 si
1069 1966 1338 2045 opperiri
1386 1967 1488 2028 uis
1535 1967 1877 2031 aduentum
1925 1967 2314 2050 Charmidi&

729 2097 1219 2182 Perlongumst:
1266 2101 1410 2165 huic
1455 2101 1725 2164 ducendi
1766 2107 2009 2164 interea
2048 2103 2436 2184 apscesserit

722 2234 1006 2300 Lubido:
1053 2246 1246 2318 atque
1288 2238 1702 2317 ea,condicio
1749 2239 1892 2302 huic
1935 2240 2039 2301 uel
2087 2240 2465 2320 primariast.

476 2369 666 2432 Nulla
712 2369 920 2434 littera
966 2380 1208 2433 mutata
1255 2390 1418 2454 opus
1461 2381 1597 2456 est,
1667 2373 1722 2434 si
1777 2372 1959 2434 velut
2016 2372 2181 2434 tales
2237 2390 2388 2434 sese
2446 2390 2686 2435 versus

475 2505 818 2584 excepisse
858 2509 1201 2566 statueris:

554 2627 557 2630 ’
726 2635 882 2697 Sine
928 2635 1100 2713 dote,
1146 2655 1331 2715 quom
1377 2635 1518 2698 eius
1564 2654 1698 2698 rem
1742 2654 1943 2717 penes
1983 2657 2086 2699 me
2132 2636 2398 2706 habeam
2439 2635 2631 2700 tlomi.

718 2768 838 2831 Set
875 2771 1041 2831 illud
1079 2788 1222 2830 sum
1265 2774 1468 2830 animi
1503 2775 1813 2846 incertus,
1854 2775 2138 2832 numine
2172 2772 2319 2832 ilico

722 2907 961 2966 Parare·
999 2907 1121 2965 lias
1162 2926 1201 2966 a
1245 2925 1344 2965 me
1381 2909 1643 2981 nuptias
1684 2924 1947 2983 aequom
1988 2908 2127 2978 siet,

716 3039 829 3101 An
867 3041 1392 3115 eoespectandum,
1441 3041 1592 3099 dum
1633 3043 1774 3100 eius
1817 3039 1942 3100 hue
1983 3031 2267 3099 reveniat
2300 3042 2503 3113 pater.

513 3173 665 3236 ME.
703 3168 905 3233 ¹Mora
952 3175 1110 3252 quid
1143 3193 1303 3250 opus
1338 3179 1439 3233 eet
1474 3174 1759 3252 quaeso?
1801 3172 2316 3252 quandoquidnm
2361 3170 2474 3228 tibi

724 3305 964 3368 Parata
1011 3297 1145 3367 dos·
1174 3305 1438 3369 domist:
1486 3306 1603 3367 nisi
1652 3313 2032 3386 exspectare
2078 3303 2177 3365 uis
2219 3323 2339 3366 -t

463 3437 651 3516 plana
697 3454 837 3499 oum
884 3438 1362 3500 constructione
1404 3439 1741 3501 sententia.
1826 3435 2080 3497 Etenim
2126 3435 2248 3498 hoc
2291 3438 2487 3497 sentit
2519 3433 2670 3495 Me-

459 3567 839 3650 garonidest
889 3557 988 3630 ‘de
1031 3569 1380 3633 differendo
1439 3572 1530 3644 (h.
1579 3591 1633 3632 e.
1682 3569 1764 3631 de
1808 3565 2172 3628 differendis
2217 3567 2481 3647 nuptiis)
2537 3565 2667 3626 noli

464 3688 772 3782 cogitare‘
814 3706 1144 3774 (caussam
1203 3702 1652 3785 gravissimam
1705 3702 1763 3761 in
1811 3698 1936 3761 fine
1979 3700 2279 3761 orationis
2334 3698 2662 3772 suminio:

455 3819 591 3895 ‘nisi
650 3833 814 3917 quod
874 3835 1023 3898 licet
1076 3824 1235 3897 sane
1277 3834 1444 3896 dotis
1490 3832 1807 3895 dationem
1855 3834 2180 3914 paulisper
2232 3829 2533 3913 differre,
2600 3832 2659 3893 si

454 3966 567 4028 tibi
615 3966 1076 4048 incommodum
1122 3975 1226 4030 est
1271 3984 1440 4028 nunc
1481 3967 1693 4028 statim
1740 3965 1820 4029 de
1864 3968 2163 4032 thesauro
2191 3980 2489 4044 sumere3
2533 3961 2658 4023 sed

452 4098 575 4163 hoc
618 4100 860 4163 levius:
926 4100 1069 4162 sive
1126 4100 1290 4162 euim
1351 4118 1523 4164 nunc
1577 4103 1791 4165 statim
1837 4101 2019 4164 dabis
2062 4101 2207 4161 sivo
2253 4097 2457 4178 paullo
2504 4106 2657 4177 post

450 4233 751 4318 nuptias,
818 4234 970 4296 illud
1030 4244 1247 4297 metuo
1308 4255 1388 4298 ne
1447 4255 1570 4298 non
1624 4235 1904 4318 effugias
1972 4234 2209 4297 civium
2270 4220 2646 4295 maledicta‘.
