2824 4890
482 313 638 382 [AV

489 498 772 581 Quorum
823 497 945 561 alia
986 496 1203 559 sciens
1243 511 1414 557 nunc
1456 493 1890 575 praetermitto
1919 536 1939 573 ,
1983 492 2128 556 olim
2175 493 2303 559 huc
2343 495 2686 559 rediturus:

486 633 760 715 quinque
813 631 919 693 hic
980 630 1534 693 commemoranda
1597 629 1807 694 video.
1904 628 1991 692 Et
2029 631 2077 690 1.
2121 629 2372 712 quidem
2432 633 2690 699 Dousae

489 766 683 845 longe
727 763 1024 844 plurimas
1068 766 1557 845 annotationes,
1614 763 1727 826 sed
1777 781 1891 826 eas
1936 766 2211 827 maxima
2253 785 2337 830 ex
2383 777 2565 848 parte
2614 769 2690 833 ad

483 907 1063 989 interpretationem
1106 913 1509 987 spectanteS‚
1568 912 1742 966 tenet
1804 904 2163 986 exemplum
2218 905 2695 986 Antverpiense

488 1038 635 1101 antii
704 1053 1070 1111 ommnxvt,
1152 1034 1316 1118 quod
1373 1039 1698 1119 signatum
1780 1043 1883 1097 est
1939 1036 2136 1097 XXI.
2196 1038 2417 1098 Burm.
2474 1039 2558 1099 D.
2600 1043 2697 1103 2.-

492 1171 800 1234 Salmasii
847 1167 1328 1232 emendationes
1345 1215 1364 1252 ,
1414 1189 1677 1251 quarum
1723 1189 1872 1252 pars
1916 1174 2038 1235 iam
2085 1192 2123 1235 a
2171 1175 2438 1241 Batavis
2484 1176 2701 1241 edito·

487 1303 666 1368 ribus
710 1302 1072 1365 Boxhornio
1121 1309 1186 1363 et
1234 1301 1567 1367 Gronovio
1613 1313 2108 1371 commemorata
2153 1315 2279 1386 est,
2325 1309 2696 1372 'raubman-

488 1442 635 1503 niae
680 1441 919 1520 primae
964 1441 1321 1521 exemplum
1368 1441 1530 1503 XX.
1571 1441 1648 1500 B.
1694 1459 1748 1500 o.
1794 1442 1951 1503 174.
2016 1440 2446 1529 Scaliger-ana
2481 1452 2696 1507 autem

486 1592 526 1634 e
571 1580 870 1655 quattuor
916 1569 1199 1632 fontibus
1242 1571 1423 1652 petii:
1475 1570 1924 1651 praestiterunt
1965 1571 2127 1632 enim
2160 1590 2238 1633 ea
2269 1572 2538 1651 primum
2571 1572 2701 1636 duo

487 1709 594 1775 illa
639 1710 973 1790 exempla,
1030 1728 1294 1790 quorum
1341 1708 1402 1769 in
1452 1709 1757 1789 Parergis
1798 1723 1856 1780 1,
1903 1724 1961 1785 p.
2000 1704 2130 1767 575
2170 1724 2268 1787 sq.
2311 1710 2700 1773 mentionem

488 1842 653 1917 feci,
719 1845 983 1905 alterum
1041 1843 1187 1904 item
1255 1840 1733 1922 Antverpiense
1788 1837 2072 1901 eiusdem
2131 1840 2313 1920 atini,
2376 1841 2702 1922 signatum

486 1976 693 2036 XIII.
736 1978 819 2038 D.
862 1976 1032 2048 204,
1082 1974 1346 2037 alterum
1394 1973 1775 2036 Basileense
1821 1991 1904 2034 ex
1949 1970 2226 2034 editione
2265 1970 2621 2035 camerarii
2665 1993 2705 2036 a

485 2108 784 2173 Fabricio
826 2112 1080 2190 iterata,
1122 2117 1335 2171 uotam
1376 2108 1624 2173 habens
1662 2108 1865 2168 XIII.
1893 2105 1966 2168 0.
1993 2107 2176 2168 2442
2220 2109 2504 2168 accessit
2531 2106 2699 2168 Lei-

498 2240 700 2303 dense
729 2257 811 2301 ex
847 2238 1221 2301 recensione
1243 2238 1529 2302 Dousica
1573 2237 1719 2299 anni
1761 2251 2216 2318 cromnxxxux,
2263 2241 2405 2300 olim
2440 2239 2710 2304 Adriani

489 2374 844 2455 Francisci,
890 2394 1053 2438 nunc
1094 2376 1298 2439 XIII.
1342 2377 1425 2437 D.
1470 2376 1641 2444 203.
1684 2391 1831 2437 cum
1881 2375 2141 2437 aliorum
2175 2382 2244 2437 ut
2276 2373 2527 2437 videtur
2554 2382 2694 2439 tum

500 2509 824 2591 Scaliger-i
869 2508 1344 2584 correct-iones,
1412 2506 1530 2569 sed
1576 2524 1690 2568 eas
1741 2524 2023 2587 paucas,
2079 2506 2396 2587 ascriptas
2439 2506 2707 2571 habens.

494 2641 621 2703 His
664 2648 881 2706 autem
923 2640 1135 2719 libris,
1190 2657 1352 2719 quos
1396 2657 1542 2702 rara
1586 2638 1959 2700 liberalitate
1999 2639 2336 2710 clarissimi
2376 2641 2708 2706 eiusdem-

488 2793 612 2857 que
654 2773 974 2835 carissimi
1018 2773 1256 2833 lAcom
1299 2767 1543 2832 Gannn
1591 2770 1819 2849 partim
1864 2768 2032 2831 domi
2091 2771 2401 2852 tractavi,
2464 2776 2696 2854 partlm

497 2907 741 2970 Leidae
784 2907 890 2967 vel
934 2907 1077 2987 ipse
1123 2906 1426 2985 excerpsi
1470 2904 1578 2967 vel
1618 2905 1822 2968 amica
1863 2924 2013 2969 cura
2060 2906 2225 2970 docti
2267 2909 2517 2972 iuvenis
2564 2911 2707 2974 Eu·

499 3041 672 3125 genii
694 3041 968 3103 Mebleri
1013 3048 1359 3121 excerptos
1403 3039 1647 3120 accepi,
1693 3039 2007 3121 largiores
2049 3041 2236 3103 etiam
2282 3042 2503 3122 copias
2525 3043 2706 3108 Sca-

494 3174 862 3255 ligeranaS,
908 3173 1291 3254 exegeticus
1335 3171 1586 3255 quidem
1631 3173 1694 3235 in
1738 3191 1961 3234 omnes
2004 3172 2396 3254 comoedias,
2442 3178 2715 3238 criticas

498 3307 558 3368 in
603 3307 980 3386 plerasque,
1027 3303 1320 3365 novicius
1360 3301 1574 3365 codex
1618 3320 1735 3364 ms.
1775 3302 1948 3363 8185
1990 3302 2408 3366 bibliothecae
2449 3303 2711 3387 Regiae

495 3438 825 3519 praebuit,
888 3438 1072 3500 cuius
1115 3453 1281 3499 nunc
1324 3440 1683 3518 exemplum
1745 3457 2105 3520 propensae
2149 3439 2206 3498 in
2254 3457 2355 3500 me
2398 3440 2715 3502 voluntati

497 3571 821 3634 Theodori
870 3571 1171 3632 Presselii
1214 3568 1435 3632 debeo.
1523 3571 1904 3653 Quanquam
1950 3570 2032 3632 de
2077 3571 2394 3651 scaligeri
2457 3573 2714 3634 subita-

503 3707 614 3770 riis
663 3704 834 3768 curis
891 3704 1020 3765 noli
1077 3710 1460 3783 exspectare
1522 3703 1816 3767 nimium:
1891 3722 2078 3784 quem
2146 3704 2411 3767 honoris
2471 3724 2718 3770 caussa

493 3839 814 3918 aliquanto
859 3838 1126 3916 saepius
1171 3833 1536 3911 nominavi,
1591 3852 1779 3916 quam
1827 3835 2073 3898 illarum
2131 3834 2416 3916 ingenita
2459 3837 2716 3904 indoles

488 3967 814 4051 exigebat.

663 4102 766 4164 Ad
828 4102 1106 4165 editores
1162 4112 1233 4165 ut
1285 4102 1589 4184 redeam,
1651 4103 1741 4165 uti
1797 4113 1949 4167 ante
1993 4104 2252 4168 criticos
2296 4103 2442 4165 illos
2486 4119 2717 4168 omues

483 4233 779 4312 Dionysii
832 4234 1177 4314 Luem,
1248 4235 1340 4299 ita
1395 4243 1550 4317 post
1606 4253 1723 4299 eos
1778 4253 2082 4318 perquam
2141 4234 2558 4299 tumultuaria
2620 4237 2714 4297 Io-
