2824 4890
2018 395 2243 462 XCIX

114 576 468 638 initiavimus:
512 574 672 637 idem
716 592 796 636 ne
840 577 901 635 in
947 578 1029 634 id
1069 584 1133 636 et
1179 579 1379 654 quid
1414 575 1795 653 faceremus,
1843 580 2054 656 quod
2092 597 2245 658 pro-

110 709 328 770 nominis
363 708 786 790 propinquitas
834 705 1291 781 dissuadebat,
1334 709 1523 770 cuius
1566 716 1721 788 quot
1757 712 2076 790 scriptura
2124 729 2246 773 uon

109 843 269 906 minus
323 847 592 907 molesta·
644 842 1012 926 legentibus
1078 844 1296 906 futura
1366 856 1506 908 erat
1575 864 1766 927 qnam
1834 852 1905 908 at
1965 865 2080 927 pro
2139 850 2251 907 ad.

106 976 421 1059 Quanquam
467 975 689 1039 horum
735 974 886 1038 nihil
934 983 1037 1036 est
1082 974 1247 1055 quod
1294 996 1418 1038 non
1462 978 1759 1058 exempla
1802 979 2071 1056 habeat,
2135 997 2254 1040 eo·-

108 1125 203 1186 que
235 1110 325 1171 illa
361 1109 671 1191 firmiores
697 1127 825 1190 qno
864 1110 1125 1191 saepius
1172 1110 1597 1172 insolentioris
1637 1113 1992 1193 scripturae
2036 1113 2245 1175 vesti-

111 1217 194 1323 gio
240 1245 294 1306 in
350 1244 500 1308 solis
556 1245 937 1326 corruptelis
1008 1243 1434 1327 delitescunt,
1508 1247 1683 1308 velut
1743 1254 1937 1311 auria
1989 1268 2057 1310 v.
2105 1249 2249 1328 152,

108 1374 320 1437 laudat
351 1375 510 1457 803,
564 1383 637 1438 at
666 1382 845 1456 ferre
884 1377 1044 1454 814,
1103 1385 1175 1438 at
1213 1383 1435 1438 uocato
1485 1376 1672 1439 1161:
1740 1377 1883 1442 coll.
1925 1379 2069 1441 868.
2109 1380 2255 1442 887.

104 1523 221 1577 oon·
262 1509 450 1571 habes
501 1509 567 1571 in
612 1508 675 1572 A
715 1529 779 1571 v.
821 1509 924 1575 95.
974 1510 1110 1572 198.
1152 1508 1296 1573 349.
1336 1507 1500 1581 817,
1564 1509 1716 1570 item
1773 1526 2065 1581 eunoun.
2103 1509 2251 1592 854,

106 1656 155 1700 n·
185 1641 234 1701 in
282 1639 412 1705 aliis
465 1641 703 1704 fabulis
759 1641 1131 1721 aliquoties,
1197 1640 1259 1701 in
1306 1640 1365 1702 B
1403 1657 1468 1700 v.
1508 1639 1636 1701 699
1687 1635 2003 1724 smmis).-
2061 1646 2260 1706 rarius

115 1771 321 1854 reliquis
358 1792 531 1846 ouo-r
582 1783 686 1837 est
712 1817 731 1854 ,
780 1782 931 1856 puto
975 1771 1145 1856 quod
1188 1773 1246 1835 in
1291 1773 1418 1835 hoc
1459 1772 1935 1856 ambiguitatem
1979 1776 2095 1858 ipsi
2139 1795 2263 1840 ve-

115 1914 250 1968 teres
282 1908 678 1994 defugerent.
764 1906 1073 1971 Ceterum
1115 1926 1241 1968 non
1285 1907 1544 1984 desunt,
1588 1925 1753 1988 quae
1797 1907 1858 1970 in
1885 1912 2262 1971 contrariam

112 2048 311 2118 portem
362 2045 668 2123 valeant,
724 2052 795 2103 ut
843 2058 1001 2112 omn
1033 2058 1148 2121 pro
1191 2042 1332 2118 quit
1384 2057 1451 2099 v.
1493 2037 1660 2115 504,
1719 2040 1993 2101 omnium
2052 2051 2262 2102 autem

106 2171 682 2258 frequentissimum,
748 2173 866 2238 sed
917 2174 1102 2236 nnius
1146 2170 1389 2233 codicis
1434 2168 1756 2251 proprium
1800 2173 2037 2252 adque,
2097 2175 2266 2255 quod

103 2306 284 2371 mirum
338 2317 439 2373 est
503 2307 971 2392 propemodum
1039 2315 1408 2370 constanter
1467 2306 1566 2367 sic
1631 2306 1935 2387 scriptum
2001 2309 2062 2370 in
2127 2310 2269 2370 solo

104 2436 398 2507 Deourtato
436 2451 727 2508 exstare.
796 2441 1193 2525 corruptelis
1217 2450 1433 2505 autem
1480 2441 1669 2505 etiam
1719 2443 1917 2504 haut
1954 2445 2270 2521 scriptura

100 2586 197 2633 non
229 2592 359 2638 raro
399 2574 714 2659 proditur,
760 2574 940 2636 velut
986 2591 1132 2636 cum
1177 2592 1291 2655 pro
1334 2592 1416 2637 eo
1460 2582 1578 2638 aut
1614 2575 1886 2654 positum
1911 2580 2015 2634 est
2041 2571 2271 2636 vn362.

97 2699 210 2763 ⁷21.
278 2708 402 2771 Sed
462 2723 709 2770 novum
775 2711 878 2767 est
945 2703 1114 2786 quod
1182 2702 1432 2766 duabus
1487 2706 1651 2766 haut
1701 2712 1766 2765 et
1826 2705 2008 2765 hana
2045 2702 2271 2766 formis

106 2840 259 2903 tertia
296 2842 451 2904 hau
495 2838 816 2915 accessit,
861 2845 1169 2919 suscepta
1211 2856 1250 2899 a
1293 2858 1394 2900 me
1439 2857 1522 2900 ex
1571 2839 1993 2901 Ambrosiano
2038 2857 2103 2899 v,
2146 2830 2275 2900 233

108 2963 254 3050 (Bw
285 2972 521 3059 liquet)
587 2983 655 3035 et
702 2973 827 3036 462
869 2967 1048 3056 (hau
1089 2965 1465 3054 hanamal),
1535 2971 1593 3031 in
1652 2970 2008 3053 eodemque
2055 2971 2277 3036 codiee

114 3100 223 3162 aliia
259 3109 314 3169 in
354 3107 589 3170 sabulis
637 3115 765 3167 tam
809 3123 1012 3186 saepe
1057 3113 1323 3167 exstans
1350 3147 1372 3185 ,
1427 3112 1496 3166 ut
1540 3104 1621 3166 de
1665 3105 1889 3168 calami
1932 3105 2115 3186 lapsu
2160 3122 2279 3167 co-

118 3235 269 3313 gitari
321 3250 620 3324 nequeat.
707 3236 984 3302 Accedit
1033 3236 1205 3321 quod
1267 3238 1325 3300 in
1383 3255 1511 3298 uno
1571 3237 1737 3316 quod
1791 3237 1989 3299 sciam
2048 3256 2282 3299 monu-

106 3377 282 3432 mento
322 3372 486 3457 apud
537 3370 891 3437 Gruterum
938 3389 998 3450 p.
1047 3368 1195 3448 769,
1239 3368 1407 3450 apud
1457 3368 1760 3433 Orellium
1809 3389 1867 3430 n.
1899 3369 2089 3449 4848,
2134 3370 2282 3450 pla-

104 3498 327 3569 nissime
378 3509 696 3586 seriptum
760 3511 861 3565 est
920 3519 1075 3567 nmo
1134 3519 1257 3567 ns'r
1315 3520 1718 3566 snpvncnvm
1774 3520 1920 3565 nAv
1963 3520 2287 3568 nvncnvm

104 3645 367 3700 ”melun
407 3653 745 3702 :mimz
787 3638 897 3699 ubi
936 3657 975 3700 a
1018 3655 1094 3698 se
1139 3638 1335 3701 tacito
1376 3638 1663 3700 nimirum
1711 3637 2089 3701 emendatae
2119 3640 2288 3702 scri-

104 3769 300 3839 pturae
338 3769 523 3832 haud
564 3766 735 3828 hanc
782 3776 1064 3847 paratam
1111 3785 1265 3830 esse
1310 3767 1746 3830 defensionem
1792 3769 2109 3849 Meyerus
2156 3788 2288 3829 vo-

96 3890 204 3993 μὴ
236 3898 489 3965 Anthol.
546 3897 739 3962 lat-u.
782 3878 975 3960 1276:
1020 3884 1251 3977 Vnum]
1299 3899 1432 3961 lum
1477 3888 1828 3962 Gruterus'.
1916 3899 2293 3981 Opportune

100 4026 103 4035 '
147 4034 297 4090 utem
344 4030 619 4108 accidit,
665 4026 834 4110 quod
878 4027 1049 4089 illius
1092 4027 1338 4089 formae
1381 4045 1583 4108 prope
1628 4028 2106 4091 intermortuam
2146 4050 2291 4095 me-

164 4158 341 4225 oriam
384 4164 540 4225 licet
585 4162 1143 4243 grammaticorum
1191 4159 1569 4223 auctoritate
1613 4160 1855 4222 munire
1881 4162 2292 4241 quantumvis

208 4309 361 4357 nunc
400 4294 760 4359 obscurata.
843 4294 1081 4376 Neque
1144 4293 1309 4356 enim
1368 4309 1532 4355 sana
1588 4309 1739 4355 esse
1795 4292 1996 4374 haec,
2055 4296 2290 4378 quibus
