2824 4890
1929 380 2055 446 Lx
2068 385 2264 450 xvn

143 543 414 608 'l'urselliui
455 556 494 613 t.
534 566 620 630 u,
662 570 722 632 p.
758 549 888 614 425
924 569 1069 635 sqq.
1115 559 1393 621 omnium
1439 575 1848 638 personarum
1895 581 2048 627 esse
2087 583 2274 630 com·-

135 694 339 741 munem
378 680 867 764 pronuntiarint,
928 691 1139 745 tamen
1192 684 1484 747 Plautino
1528 688 1779 770 quidem
1827 711 1952 757 usu
1995 714 2267 777 persua-

126 806 394 875 sissimum
434 813 634 877 habeo
677 833 820 880 cum
868 818 1158 882 Bentleio
1217 821 1311 893 (in
1358 823 1504 886 'ren
1549 825 1786 892 Heaut.
1830 847 1927 913 tv,
1967 832 2025 910 1,
2074 833 2151 897 19
2196 845 2261 900 et

122 942 343 1025 Adelph.
386 963 450 1025 v,
492 945 570 1026 3,
614 949 730 1022 65)
783 969 824 1012 a
866 950 1243 1034 reliquarum
1311 968 1565 1039 praeter
1609 962 1871 1043 primam
1949 967 2270 1032 societate

121 1094 337 1157 prorsus
399 1080 671 1146 excludi.
769 1082 838 1144 Id
900 1093 967 1147 ut
1031 1084 1210 1151 recte
1266 1109 1303 1152 a
1362 1112 1466 1155 mc
1520 1096 1743 1159 sentiri
1801 1087 2260 1184 demonstrem,

119 1215 356 1295 exempla
399 1215 477 1278 ab
520 1217 780 1280 Handio
830 1220 1076 1301 prolata
1118 1222 1399 1287 breviter
1443 1247 1811 1311 persequar.
1897 1233 1981 1295 Et
2020 1232 2264 1296 Persae

119 1346 314 1427 quidem
383 1367 479 1432 tv,
523 1353 601 1433 4,
648 1352 733 1415 87
790 1358 1076 1435 equidem
1135 1358 1215 1420 ab
1279 1360 1705 1425 Ambrosiauo
1772 1363 1927 1425 libro
2009 1383 2274 1446 prorsus

117 1477 277 1557 abest,
317 1501 421 1562 pro
465 1483 766 1568 contiguo
805 1493 1018 1549 autem
1068 1493 1327 1550 miseret
1366 1501 1615 1571 septem
1657 1494 2004 1558 litterarum
2047 1497 2260 1578 spatia

117 1620 227 1674 sunt
265 1632 390 1676 cum
434 1634 516 1677 m·
562 1616 850 1698 syllaba:
896 1615 1064 1681 uude
1107 1625 1210 1683 sic
1255 1640 1489 1686 versus
1528 1626 1990 1692 restituendus:

238 1736 339 1813 'lta
383 1749 442 1813 di
482 1752 650 1813 beue
701 1771 804 1814 me
847 1751 1109 1835 ament,
1169 1755 1524 1836 sapienter:
1595 1754 1788 1841 atque
1837 1780 1942 1823 me
1998 1762 2262 1833 miseret

652 1872 659 1881 ’
1606 1902 1836 1960 tamen.

107 2011 266 2078 Stichi
301 2037 371 2102 n,
401 2019 472 2103 2,
498 2023 542 2084 5
589 2041 673 2084 ex
717 2022 941 2109 eodem
987 2024 1142 2087 libro
1186 2046 1299 2107 pro
1342 2030 1629 2108 equidem
1673 2031 2103 2112 recipiendum
2161 2056 2261 2098 me

107 2152 320 2227 quidem,
366 2157 613 2238 reliqua
655 2157 753 2220 sic
795 2162 1349 2226 reconcinnanda:

218 2287 384 2352 'Nam
427 2311 529 2354 me
573 2292 827 2374 quidem
871 2292 1213 2358 miserebat
1255 2294 1507 2361 harum:
1557 2287 1753 2379 'Ergo
1777 2296 2075 2359 auxilium
2098 2294 2257 2378 prd-

1543 2448 1698 2510 pere
1740 2428 2016 2492 lutumst.

107 2543 273 2630 Atque
329 2554 513 2617 etiam
584 2553 690 2616 ubi
749 2554 899 2617 licet
959 2559 1244 2637 equidem
1302 2576 1446 2620 cum
1500 2558 1698 2639 prima
1764 2574 2035 2653 persona
2099 2574 2259 2619 con·
2303 2591 2310 2598 ·

106 2686 346 2764 struere,
409 2677 628 2750 tamen
685 2705 811 2750 non
846 2702 1001 2752 ‘raro
1063 2690 1314 2769 quidem
1371 2688 1673 2753 substitui
1719 2687 1979 2752 codices
2023 2688 2264 2772 iubent,

105 2816 158 2870 ut
192 2813 368 2879 Stichi
410 2838 480 2901 11,
535 2819 594 2898 t,
643 2818 724 2882 4:

233 2952 329 3015 Me
381 2950 643 3038 quidem
699 2957 823 3018 iam
879 2964 984 3018 sat
1038 2955 1145 3018 tibi
1204 2953 1565 3037 spectatam
1613 2955 1956 3021 censebam
2003 2976 2152 3022 esse
2196 2969 2263 3022 et

1454 3108 1634 3152 meos
1679 3086 1929 3155 mores:

110 3209 187 3272 ubi
222 3214 398 3298 [una]
442 3240 550 3281 me
595 3222 846 3300 quidem
888 3218 952 3281 A
993 3218 1125 3290 (cui
1167 3218 1543 3302 reliquorum
1589 3241 1837 3305 quoque
1896 3222 2257 3287 emendatio

101 3340 378 3434 debetur),
444 3350 717 3434 [unaJm
775 3354 1062 3432 equidem
1124 3351 1411 3416 Palatini.
1506 3355 1872 3421 Aululariae
1915 3368 2130 3421 autem
2180 3377 2257 3440 n,

105 3473 268 3555 1,18
316 3504 431 3547 uec
472 3488 726 3569 quidem
770 3503 892 3548 uec
952 3488 1156 3550 solum
1216 3491 1502 3569 equidem
1562 3500 1666 3553 est
1727 3492 1789 3555 in
1856 3492 2067 3567 libris,
2136 3493 2259 3558 sed

104 3619 310 3684 praeter
347 3633 582 3679 versus
625 3620 930 3680 rationem
976 3624 1038 3680 te
1077 3623 1363 3700 equidem
1389 3644 1415 3682 .·
1475 3623 1581 3686 ubi
1626 3643 1751 3707 quo
1793 3626 1948 3688 vitio
1992 3634 2086 3700 te,
2135 3646 2258 3691 eo-

102 3734 213 3804 dem
254 3747 430 3811 etiam
477 3748 830 3829 proximum
879 3769 915 3811 e
953 3748 1119 3812 illabi
1161 3757 1409 3837 potuit,
1468 3756 1636 3838 quod
1690 3758 1854 3823 adeo
1902 3759 2136 3824 abesse
2174 3760 2257 3824 ab

97 3869 211 3935 aliis
248 3879 561 3946 codicibus
603 3884 744 3964 ipse
789 3882 1081 3948 Haudius
1123 3886 1318 3954 dicit:

96 4067 659 4102 κῇ-
712 4100 716 4103 ⁴

206 4205 465 4265 putauone
498 4223 551 4273 p.
583 4211 691 4263 4³1
732 4222 1147 4282 commemorat,
1197 4216 1518 4269 deterrimus
1562 4225 1650 4270 est
1694 4217 1958 4286 eiusdem,
2006 4219 2161 4273 cuius
2199 4224 2256 4274 B·

209 4313 394 4374 noster,
426 4315 657 4378 generis.
