2824 4890
2108 360 2362 423 CCXV

154 529 332 590 tibus
373 529 766 590 senariorum
817 530 1451 612 septenariorumque
1493 534 1963 597 condendorum
2015 542 2364 616 perfectam

149 662 542 739 elegantiam
587 660 995 739 suspicimus.
1083 660 1223 721 'l'ali
1275 670 1488 724 tamen
1545 665 1936 748 negligentia
1989 678 2163 740 (nam
2212 689 2362 748 pro-

149 791 326 852 fecto
366 792 742 875 diligentiae
797 793 1045 855 laudem
1097 794 1246 856 illud
1304 816 1428 858 uon
1486 798 1708 868 habet)
1753 818 1882 880 quo
1926 804 2130 881 magis
2172 801 2365 862 libera

157 940 319 983 esse
359 940 468 985 ars
517 925 820 987 universa
867 926 1106 988 illorum
1156 936 1484 1007 poetarum
1513 928 1699 1007 solet,
1745 947 1824 988 eo
1848 944 1967 988 nos
1992 927 2074 989 de
2096 928 2369 1006 singulis

150 1059 649 1137 suspiciosiores
687 1050 847 1120 'esse
891 1059 1081 1122 decet
1123 1069 1189 1122 et
1232 1062 1552 1140 aliquanto
1597 1060 1838 1121 tardius
1898 1058 1977 1120 de
2039 1070 2368 1139 poetarum

150 1205 341 1267 quam
389 1189 471 1251 de
515 1190 901 1252 librariorum
949 1192 1102 1253 vitio
1148 1195 1468 1274 cogitare:
1514 1192 1576 1254 id
1604 1161 1982 1274 quod'recte
2014 1192 2136 1254 iam
2165 1193 2367 1253 Bent-

155 1323 319 1384 leius
363 1324 574 1384 sensit
619 1325 681 1384 in
728 1324 996 1404 Adelph.
1042 1341 1111 1402 v,
1156 1323 1224 1403 2,
1267 1324 1369 1388 52.
1459 1325 1687 1403 ltaque
1736 1325 1922 1385 etiam
1971 1324 2076 1402 qui
2121 1330 2363 1383 taeter-

150 1461 376 1522 rimum
420 1461 594 1521 Trin.
638 1460 767 1520 540
824 1460 1059 1521 hiatum
1106 1461 1351 1537 dnyr’na'
1414 1458 1744 1521 acerrume
1785 1468 2214 1522 concocturus
2256 1461 2366 1537 sit,

151 1599 369 1651 tamen
418 1588 498 1649 ad
543 1593 940 1653 coniunctum
987 1607 1132 1652 cum
1179 1590 1351 1651 hiatu
1400 1591 1748 1652 molossum
1794 1601 2063 1652 nauseet
2098 1600 2366 1670 oportet.

153 1722 301 1784 Nec
361 1722 468 1802 qui
534 1723 742 1802 sapiat
810 1741 870 1786 v.
913 1722 990 1784 31
1055 1741 1090 1782 e
1156 1722 1451 1783 librorum
1518 1724 1834 1802 scriptura
1901 1731 2368 1784 succreuermu

151 1856 496 1915 uberrume
536 1853 777 1915 efficiet
815 1854 1207 1916 sticcreraeint
1245 1854 1585 1917 ube'rrume
1612 1857 1822 1935 potius
1866 1873 2050 1937 quam
2093 1855 2367 1916 eiicere-

151 2005 307 2046 uere
352 1983 728 2046 aberrante:
793 2002 959 2065 quae
1002 1986 1245 2047 formae
1286 1987 1546 2066 saepius
1606 2004 1789 2066 quam
1856 1995 2042 2065 putes
2086 1987 2150 2045 in
2195 1983 2369 2045 libris

151 2127 551 2201 permutatae
593 2128 764 2180 sunt.
805 2152 815 2160 -
852 2121 1006 2178 ltem
1039 2118 1228 2178 Nouii
1276 2118 1462 2181 fldem
1503 2118 1841 2199 (quamvis
1885 2137 1999 2197 per
2042 2135 2119 2179 se
2161 2116 2368 2178 ambi-

149 2257 385 2333 guam)
425 2251 750 2312 nobiscum
794 2251 1130 2331 amplexus
1167 2271 1226 2314 v.
1259 2251 1387 2312 410
1425 2251 1743 2331 praeferet
1790 2248 1955 2330 quod
1999 2265 2198 2327 supra
2241 2266 2366 2326 po·

151 2384 406 2443 suimus
447 2399 601 2462 prae
646 2380 769 2443 hac
794 2345 1217 2443 collocatione
1247 2381 1582 2442 verborum
1612 2399 1779 2462 quae
1801 2382 1987 2443 estin
2009 2378 2365 2441 codicibus:

326 2516 535 2592 Quam
580 2514 639 2577 si
684 2526 748 2578 ιιι
794 2517 1036 2578 obicias
1072 2514 1370 2595 formicis
1415 2514 1817 2596 papauerem.

153 2649 320 2709 item
367 2665 429 2706 v.
470 2645 627 2713 648:

327 2790 803 2872 Praeoptauisti
849 2791 1132 2856 amorem
1176 2802 1353 2856 tuum
1403 2793 1491 2854 uti
1534 2791 1771 2856 uirtuti
1811 2787 2241 2870 praeponeres

152 2923 442 3004 quantilli
505 2922 621 2984 fuit
675 2942 757 2984 ex
809 2940 1384 2988 vunnu-nmmum
1427 2926 1531 2985 vel
1576 2936 2212 2986 vuumwmu'ruwwr
2262 2921 2368 2989 vel

153 3072 739 3138 τυωωιιιτυτιιῐτι
772 3053 1079 3118 efficere?
1124 3055 1388 3118 Certius
1416 3058 1604 3117 etiam
1634 3075 1696 3114 v.
1719 3052 1843 3116 977
1873 3035 2206 3113 restitutus
2232 3058 2371 3110 estt

331 3178 522 3246 Proin
569 3198 632 3247 ιιι
681 3197 744 3248 te
793 3186 1032 3263 itidem,
1077 3195 1146 3246 ut
1187 3183 1619 3249 charmidatus
1663 3185 1757 3264 έε,
1802 3181 2064 3244 rui-stim
2108 3176 2372 3242 rechar-

1543 3314 1751 3377 mida}

153 3457 217 3516 in
265 3471 394 3533 quo
437 3471 581 3514 onim
626 3461 693 3513 et
735 3452 927 3513 valde
971 3454 1221 3533 ingrata
1274 3451 1360 3511 sit
1426 3447 1769 3509 verborum
1823 3445 2262 3505 charnuidatus
2304 3462 2375 3503 es

152 3583 216 3642 in
265 3598 538 3643 caesura
578 3582 945 3662 diremptio,
1004 3590 1069 3642 et
1123 3585 1370 3641 ratione
1433 3586 1652 3641 careat
1700 3575 2104 3639 recharmida
2148 3573 2374 3652 forma,

155 3720 224 3773 et
267 3718 342 3772 tu
385 3718 446 3772 te
488 3713 758 3774 vocibus
807 3715 864 3775 in
910 3720 1043 3774 tute
1086 3711 1440 3776 coniunctis
1495 3709 1919 3773 accusativus
1946 3706 2181 3785 ·desit,
2250 3720 2375 3764 non

156 3842 423 3906 videtur
469 3843 737 3904 dubitari
781 3861 980 3923 posse
1023 3843 1167 3923 quin
1200 3853 1390 3922 poeta
1425 3840 1760 3921 scripserit
1790 3837 1955 3919 quod
1981 3836 2374 3914 recepimus:

333 3967 525 4035 Proin
555 3984 692 4036 tute
723 3973 958 4054 itidem,
987 3981 1048 4034 ut
1072 3971 1553 4051 charmidatu’s,
1586 3968 1832 4033 rursum
1870 3977 1930 4029 te
1956 3961 2379 4029 decbdrmida.

162 4109 289 4169 His
344 4108 531 4188 igitur
585 4108 732 4170 hinc
783 4107 1147 4189 segregatis
1201 4107 1263 4166 in
1320 4111 1464 4165 tota
1523 4104 1894 4163 Trinummo
1949 4102 2203 4175 praeter
2255 4110 2381 4168 po-

164 4246 478 4301 stremum
516 4244 894 4315 pei-ueneris
929 4235 1087 4325 mud
1146 4236 1272 4299 duo
1330 4230 1630 4311 exempla
1689 4235 1970 4303 restant,
2032 4242 2198 4304 quae
2258 4241 2380 4284 non
