2824 4890
486 299 675 362 CCX

483 479 800 559 ciperetur
844 475 992 536 item
1041 485 1265 536 contra
1326 468 1842 534 consuetudinem
1889 471 2145 553 linguae
2183 473 2507 553 oxytonis.
2560 475 2699 537 Ve-

480 606 570 669 lut
611 605 783 665 Tria.
835 600 977 664 100.
1032 602 1164 663 186.
1220 599 1351 662 197.
1396 598 1565 661 800:

1921 701 2156 765 uocant
2199 700 2383 763 ciue's
2428 706 2521 762 tui

1900 833 2102 896 maias
2147 833 2354 896 famas
2400 835 2613 898 ferunt

1907 964 2050 1029 mea
2094 966 2271 1029 recte
2322 968 2486 1028 facis

1918 1098 2009 1163 uti
2054 1100 2255 1176 celesw
2275 1102 2443 1181 sace,

483 1241 550 1296 et
590 1233 648 1292 iu
674 1230 1094 1293 Bacchidibus
1138 1228 1319 1289 bom‘e
1373 1227 1599 1287 dicein!
1649 1228 1831 1297 male,
1880 1225 2097 1286 ulrtim
2156 1226 2416 1286 credu'm
2463 1231 2691 1301 maqis,

486 1362 655 1428 malo'
689 1363 848 1444 fecit
886 1383 1022 1440 suc,
1072 1364 1181 1422 ecit
1210 1359 1427 1420 stetim
1465 1358 1677 1443 §timulg
1724 1358 1908 1418 eineis
1954 1356 2241 1418 nostra'm
2268 1377 2505 1432 senem,
2543 1360 2699 1436 Opis

499 1497 563 1556 V
559 1494 725 1555 irlu's
772 1494 1009 1561 Venus,
1061 1492 1202 1584 mefe'
1234 1486 1436 1566 qnato'
1476 1491 1657 1560 male,
1706 1487 1885 1547 ualet
1924 1486 2126 1547 sentit
2162 1494 2348 1565 sapit.
2440 1492 2507 1549 ln
2557 1492 2699 1571 qui-

489 1626 607 1687 bus
651 1624 937 1686 omnibus
984 1620 1153 1701 quod
1197 1618 1423 1679 eodem
1468 1616 1702 1696 pedum
1764 1615 1984 1677 ordine
2030 1615 2324 1696 spondi
2352 1635 2390 1679 a
2423 1581 2526 1681 ca
2576 1638 2702 1681 vox

490 1759 698 1822 media
742 1764 841 1816 est
884 1755 1044 1815 inter
1088 1751 1253 1812 duas
1297 1748 1603 1812 iambicas
1630 1794 1647 1825 ,
1700 1747 1761 1809 id
1808 1748 2052 1829 quidem
2111 1750 2362 1810 aiiunde
2408 1769 2689 1832 suspen-

460 1903 629 1954 'sum
675 1900 775 1952 est
819 1899 885 1952 et
929 1889 1241 1970 propriam
1286 1885 1599 1968 quandam
1648 1903 1946 1947 caussam
1991 1901 2168 1947 suam
2213 1885 2422 1946 habet.
2524 1887 2695 1949 Nam

489 2022 655 2105 quod
697 2026 960 2104 egregie
994 2022 1318 2084 Bentleius
1363 2019 1733 2096 observavit
1763 2022 1822 2082 in
1859 2022 2106 2083 Horatii
2139 2021 2353 2085 Sermr
2390 2040 2459 2102 n,
2496 2022 2568 2103 5,
2588 2023 2691 2102 79,

493 2172 696 2214 rarum
743 2173 893 2216 esse
924 2158 985 2216 in
1031 2157 1247 2237 quinto
1292 2155 1458 2237 pede
1514 2156 1748 2217 senarii
1793 2156 2065 2217 iambum
2111 2175 2225 2236 pro
2270 2152 2588 2235 spondeo,
2640 2150 2698 2213 id

492 2286 814 2366 aliquanto
864 2290 1231 2350 accuratius
1275 2289 1370 2351 sic
1415 2288 1787 2370 definimus,
1855 2298 1952 2371 ut,
2022 2309 2167 2352 curn
2212 2293 2277 2349 in
2316 2257 2698 2347 &Trinummo

485 2417 737 2499 ‘senarii
779 2415 1028 2496 quidem
1074 2417 1331 2479 circiter
1374 2419 1854 2501 quinquaginta,
1905 2419 2162 2483 totidem
2208 2426 2418 2480 autem
2467 2428 2701 2498 septe-

486 2545 637 2606 narii
682 2544 1020 2620 trochaici,
1066 2545 1125 2605 in
1171 2540 1398 2628 quibus
1462 2545 1565 2607 illa
1640 2548 1746 2609 lex
1811 2548 1991 2627 (sive
2034 2547 2411 2630 elegantiam
2473 2545 2697 2608 dicere

491 2676 821 2753 malueris)
865 2696 991 2738 non
1041 2678 1245 2738 minus
1287 2695 1478 2758 quam
1525 2677 1588 2740 in
1630 2679 1897 2740 senariis
1942 2656 2165 2755 valuit,
2193 2682 2258 2740 in
2292 2676 2418 2740 fine
2466 2696 2704 2739 versus

488 2802 763 2863 iambum
806 2813 955 2865 ante
992 2805 1264 2866 iambum
1308 2808 1659 2887 receperint
1687 2808 1784 2886 (h.
1809 2829 1865 2869 e.
1893 2809 2283 2871 senariorum
2309 2825 2457 2889 pars
2486 2808 2698 2870 ferme

491 2931 887 3015 duodecima,
911 2938 1416 3016 septenariorum
1461 2939 1710 3001 circiter
1727 2945 1956 3018 nona),
1991 2948 2198 3001 tamen
2230 2957 2483 3020 perraro
2520 2939 2694 3000 duo-

489 3066 611 3127 bus
681 3066 964 3128 iambicis
1023 3068 1347 3130 vocabulis
1411 3070 1556 3130 talis
1620 3071 1835 3132 exitus
1892 3071 2039 3152 flat,
2106 3089 2418 3152 nunquam
2461 3070 2698 3131 tribus.

488 3197 711 3278 ltaque
754 3214 899 3259 cum
946 3198 1092 3261 nihil
1132 3200 1508 3262 offensionis
1584 3201 1858 3262 habeant
1918 3200 2136 3262 hercle
2187 3201 2478 3273 nautius,
2536 3221 2698 3261 sce-

483 3329 688 3391 lestus
731 3338 844 3405 est,
885 3331 1159 3409 fidu'ciae
1202 3337 1265 3393 in
1302 3331 1492 3393 finem
1540 3348 1871 3412 versuum,
1927 3351 2283 3413 quanquam
2328 3349 2449 3391 non
2491 3333 2691 3393 nimis

483 3479 700 3542 saepe,
748 3464 1051 3543 admissa,
1099 3467 1216 3528 tria
1258 3475 1503 3529 tantum
1548 3487 1660 3547 per
1706 3467 1868 3531 duas
1910 3469 2160 3531 fabulas
2201 3462 2482 3550 integras
2532 3470 2697 3530 Tri-

480 3614 793 3656 nummum
839 3608 904 3658 et
924 3599 1279 3662 Bacchides
1309 3602 1606 3681 exempla
1649 3611 1906 3663 exstant
1933 3599 2318 3664 huiusmodi:
2359 3620 2517 3675 ager
2550 3606 2696 3681 [ιηῚ

480 3721 585 3785 Tr.
632 3720 780 3801 533,
832 3725 1062 3785 malam
1106 3745 1359 3788 crucem
1402 3727 1488 3787 ib.
1531 3728 1674 3789 598.
1718 3726 1830 3790 Ba.
1872 3724 2000 3789 863
2042 3727 2121 3788 H.
2182 3723 2428 3802 Quales
2471 3718 2695 3804 pedes

479 3854 704 3914 tertius
747 3852 990 3914 iambus
1036 3873 1117 3914 ne
1163 3856 1261 3916 sic
1303 3853 1553 3935 quidem
1614 3853 1999 3934 praecedere
2056 3854 2262 3934 sciet,
2323 3855 2382 3914 is
2424 3860 2496 3914 ut
2558 3873 2688 3915 non

475 3983 741 4046 iambica
772 4002 935 4045 voce
959 3983 1301 4045 conclusus
1325 3985 1432 4063 sit,
1464 3992 1534 4045 ut
1557 3984 1661 4046 Tr.
1702 3982 1827 4044 533
1853 3981 2082 4064 quo'ius
2109 3983 2219 4042 ille
2258 3981 2415 4059 aye'r
2430 3982 2650 4062 fuist)
2674 4005 2694 4046 z

507 4138 568 4199 *)
605 4143 784 4200 Atque
819 4141 953 4189 haec
988 4153 1188 4190 caussa
1223 4140 1325 4188 suit
1357 4152 1457 4188 cur
1490 4152 1658 4202 supra
1693 4154 1743 4202 p.
1794 4152 1940 4189 σιω.
1988 4139 2327 4189 reticeremus
2363 4138 2510 4188 bunc
2549 4152 2691 4188 ver·-

604 4249 701 4286 sus
743 4239 944 4288 exitum
995 4239 1207 4302 stetin-a
1263 4239 1428 4303 sunl,
1480 4239 1679 4290 tamen
1727 4240 1955 4291 sciunt.-
2002 4240 2322 4303 praesertim
2377 4240 2687 4290 accedent·
