2824 4890
1987 296 1992 297 f
2052 346 2271 414 xcru

167 533 393 607 repente,
434 527 539 590 sed
580 529 897 611 paullatim
943 529 1271 593 immutata
1321 540 1426 593 est
1464 530 1736 612 ipsaque
1779 530 1955 595 vitae
2000 548 2283 595 consue·

164 658 332 721 tudine
363 679 471 722 non
511 670 844 743 potuerunt
887 681 1009 725 non
1052 662 1279 725 eodem
1326 671 1615 745 tempore
1658 662 1959 726 diversae
2000 665 2286 727 vocabu·
2327 666 2333 674 ’

160 789 313 854 lorum
352 792 569 855 formae
610 794 707 856 sui
752 794 1036 857 vicariae
1080 794 1315 857 tamdiu
1354 794 1415 856 in
1462 813 1576 857 usu
1610 813 1779 879 esse,
1828 795 2127 878 quamdiu
2155 815 2279 860 non

155 945 364 1006 prorsus
399 929 617 991 abolita
661 928 1010 1008 antiquiore
1051 928 1192 990 sola
1236 937 1537 1011 regnaret
1578 929 1934 1010 recentior3
1991 931 2285 1015 alterum,

154 1060 281 1142 quod
318 1060 664 1143 discrepans
712 1061 791 1123 de
822 1063 1040 1124 multis
1087 1062 1365 1142 ipsorum
1415 1061 1700 1131 doctrina
1724 1064 2285 1146 grammaticorum

153 1192 262 1274 fuit,
303 1174 534 1277 quorum
579 1194 793 1258 studio
835 1194 917 1258 ad
963 1195 1270 1259 certiores
1317 1196 1501 1278 leges
1543 1205 1609 1259 et
1647 1197 1921 1279 aliquam
1969 1196 2284 1278 aequabi-

151 1325 336 1390 litatem
375 1328 492 1391 hoc
535 1347 744 1410 genus
790 1348 977 1391 omne
1020 1339 1390 1393 revocatum
1426 1341 1566 1410 est3
1612 1334 1887 1412 tertium,
1932 1330 2098 1414 quod
2132 1332 2287 1395 fon-

154 1460 286 1541 tium,
323 1482 356 1524 a
394 1463 616 1543 quibus
656 1464 1051 1529 ratiocinatio
1098 1470 1315 1525 nostra
1360 1464 1564 1526 omnis
1608 1464 2049 1547 proficiscatur
2093 1484 2288 1547 opor-

150 1602 247 1675 tet,
298 1613 332 1657 a
381 1594 763 1658 librariorum
808 1592 1105 1656 socordia
1160 1601 1225 1654 et
1280 1592 1624 1657 incredibili
1684 1596 2105 1660 inconstantia
2159 1606 2286 1662 tam

145 1725 286 1791 dubia
332 1730 613 1793 condicio
654 1739 793 1811 est,
855 1737 1169 1825 uti—saepe
1213 1748 1338 1791 non
1389 1729 1634 1792 habeas
1681 1730 1783 1793 ubi
1829 1729 2052 1810 pedem
2097 1730 2286 1815 figas.

138 1858 248 1923 Nisi
285 1863 435 1944 quod
475 1861 630 1926 illud
673 1861 994 1927 affirmare
1034 1860 1427 1924 confidenter
1469 1862 1656 1945 licet,
1716 1873 2129 1945 praepostero
2171 1868 2283 1928 iu·-

136 1993 262 2060 dicio
298 2000 350 2061 in
390 1999 511 2064 hac
556 2017 797 2062 caussa
841 1997 1146 2060 universa
1200 1995 1501 2059 orationis
1548 1995 1933 2058 Milonianae
1976 1997 2283 2061 editorem

137 2124 459 2196 Guilelmum
476 2133 875 2197 Freundium
898 2150 1082 2195 usum
1107 2150 1282 2197 esse:
1314 2133 1417 2215 qui
1447 2151 1483 2192 e
1513 2132 1907 2195 noviciarum
1935 2134 2277 2195 formarum
2387 2095 2392 2101 ι

138 2261 287 2324 etiam
338 2265 397 2327 in
451 2265 737 2346 antiquis
794 2263 1122 2328 codicibus
1182 2263 1537 2346 frequentia
1599 2281 1784 2345 quam
1845 2283 1882 2325 e
1935 2264 2285 2345 priscarum

132 2395 244 2458 sive
296 2399 430 2464 item
488 2400 854 2483 frequentia
906 2401 1055 2461 sive
1113 2398 1438 2479 paucitate
1493 2396 1922 2479 argumentari
1968 2398 2282 2480 maluerit,

132 2521 227 2587 hnc
261 2539 453 2593 autern
498 2531 614 2592 via
658 2548 735 2592 eo
781 2526 1174 2610 pervenerit,
1237 2533 1308 2587 ut
1349 2526 1643 2607 antiquas
1689 2525 1925 2588 formas
1967 2546 2091 2589 non
2137 2545 2290 2591 esse

130 2661 413 2746 antiquas,
477 2661 603 2727 sed
647 2678 892 2740 novas,
937 2678 1146 2723 novas
1188 2668 1405 2722 autem
1450 2678 1598 2722 esse
1642 2659 1937 2743 antiquas
1975 2660 2094 2721 sibi
2135 2678 2289 2742 per-

131 2793 425 2861 suaderet:
491 2814 642 2859 nam
701 2794 842 2858 aliis
909 2812 1141 2857 vereor
1198 2801 1267 2855 ut
1320 2794 1730 2875 persuaserit.
1817 2791 2120 2856 Ceterum
2165 2811 2292 2875 quo

131 2924 523 2994 vehementius
571 2927 657 2991 de
702 2929 894 3010 longe
936 2925 1216 3008 plurimis
1260 2926 1566 2990 fluctuant
1606 2926 1907 3008 codices,
1954 2948 2034 2991 eo
2078 2929 2288 2993 maio-

135 3072 234 3117 rem
272 3079 414 3123 esse
458 3061 653 3124 fldem
700 3079 914 3122 eorum
959 3066 1247 3142 apparet,
1288 3056 1368 3119 de
1415 3057 1646 3138 quibus
1688 3066 1801 3120 aut
1836 3075 2155 3139 nunquam
2181 3067 2294 3122 aut

130 3190 423 3256 rarissimis
471 3193 792 3275 exemplis
837 3192 1042 3255 eidem
1088 3193 1220 3268 libri
1266 3190 1666 3254 dissentiunt.

258 3321 433 3386 Haec
471 3326 670 3409 igitur
712 3341 855 3385 cum
898 3323 986 3386 ita
1027 3341 1178 3386 esse
1217 3325 1701 3403 intellexissem,
1743 3324 2097 3407 bipertitam
2142 3343 2292 3390 esse

127 3467 299 3516 meam
341 3457 398 3518 in
437 3457 565 3520 hoc
610 3475 851 3539 genere
910 3474 1169 3538 operam
1228 3476 1476 3521 omnem
1528 3459 1729 3523 voluit
1791 3460 1881 3522 ita
1922 3457 2172 3541 quidem
2224 3469 2292 3523 ut

123 3584 223 3647 alia
270 3588 347 3650 ad
382 3601 617 3654 'certae
672 3609 931 3653 normae
983 3591 1446 3671 constantiam,
1514 3592 1764 3672 qualem
1807 3591 1944 3656 fere
1982 3591 2290 3674 prabasse

120 3723 509 3803 antiquiorum
557 3724 882 3808 diligentia
924 3724 1482 3807 grammaticorum
1515 3723 1860 3806 videretur,
1901 3727 2008 3789 vel
2036 3735 2289 3808 praeter

120 3848 381 3919 librorum
441 3863 891 3922 auctoritatem
950 3858 1344 3941 redigerem,
1409 3859 1690 3921 servatis
1745 3867 1955 3922 tamen
2013 3861 2070 3922 si
2129 3878 2295 3941 quae

118 3987 282 4051 etiam
327 3996 703 4058 vetustioris
755 3996 983 4059 aetatis
1039 3995 1324 4079 vestigia
1387 3997 1716 4086 resedisfe
1775 4000 2168 4080 suspicarer:
2232 4000 2295 4063 in

116 4121 239 4185 aliis
274 4125 761 4190 inconstantiam
805 4126 1140 4210 scribendi·
1168 4131 1388 4191 sciens
1432 4129 1791 4211 probarem,
1833 4129 1977 4192 sive
2001 4129 2291 4196 codicum

120 4273 210 4318 mc
247 4260 388 4326 fidei
429 4269 851 4349 mancipans,
906 4282 1068 4347 quos
1118 4265 1321 4347 ipsius
1362 4265 1757 4348 antiquitatis
1806 4266 2293 4334 inconstantiam
