<?xml version="1.0" encoding="UTF-8"?>
<!DOCTYPE html PUBLIC "-//W3C//DTD XHTML 1.0 Transitional//EN"
    "http://www.w3.org/TR/xhtml1/DTD/xhtml1-transitional.dtd">
<html xmlns="http://www.w3.org/1999/xhtml" xml:lang="en" lang="en">
 <head>
  <title>
</title>
<meta http-equiv="Content-Type" content="text/html;charset=utf-8" />
  <meta name='ocr-system' content='tesseract 3.04.00' />
  <meta name='ocr-capabilities' content='ocr_page ocr_carea ocr_par ocr_line ocrx_word'/>
</head>
<body>
  <div class='ocr_page' id='page_1' title='image "./tmacciplauticom03ritsgoog_0151.png"; bbox 0 0 2824 4890; ppageno 0'>
   <div class='ocr_carea' id='block_1_1' title="bbox 2031 373 2309 475">
    <p class='ocr_par' dir='ltr' id='par_1_1' title="bbox 2031 373 2309 475">
     <span class='ocr_line' id='line_1_1' title="bbox 2031 373 2309 475; baseline 0.004 -37"><span class='ocrx_word' id='word_1_1' title='bbox 2031 373 2250 439; x_wconf 77' lang='lat' dir='ltr'><strong>oxu</strong></span> <span class='ocrx_word' id='word_1_2' title='bbox 2293 464 2309 475; x_wconf 86' lang='lat'><strong>.</strong></span> 
     </span>
    </p>
   </div>
   <div class='ocr_carea' id='block_1_2' title="bbox 69 555 2310 3967">
    <p class='ocr_par' dir='ltr' id='par_1_2' title="bbox 69 555 2310 3967">
     <span class='ocr_line' id='line_1_2' title="bbox 247 555 2246 643; baseline -0.002 -20"><span class='ocrx_word' id='word_1_3' title='bbox 247 558 311 623; x_wconf 85' lang='lat' dir='ltr'><strong>Di</strong></span> <span class='ocrx_word' id='word_1_4' title='bbox 332 555 711 640; x_wconf 69' lang='lat' dir='ltr'><strong>immortaleS,</strong></span> <span class='ocrx_word' id='word_1_5' title='bbox 737 557 1000 624; x_wconf 55' lang='lat' dir='ltr'><strong>bisilica</strong></span> <span class='ocrx_word' id='word_1_6' title='bbox 1026 558 1131 623; x_wconf 87' lang='lat' dir='ltr'><strong>hic</strong></span> <span class='ocrx_word' id='word_1_7' title='bbox 1160 561 1410 643; x_wconf 63' lang='lat' dir='ltr'><strong>quidem</strong></span> <span class='ocrx_word' id='word_1_8' title='bbox 1441 558 1725 622; x_wconf 67' lang='lat' dir='ltr'><strong>fdcinora</strong></span> <span class='ocrx_word' id='word_1_9' title='bbox 1748 558 2029 641; x_wconf 76' lang='lat' dir='ltr'><strong>incepnit</strong></span> <span class='ocrx_word' id='word_1_10' title='bbox 2054 561 2246 643; x_wconf 77' lang='lat' dir='ltr'><strong>loqui.</strong></span> 
     </span>
     <span class='ocr_line' id='line_1_3' title="bbox 246 688 2246 775; baseline 0.003 -24"><span class='ocrx_word' id='word_1_11' title='bbox 246 688 414 753; x_wconf 64' lang='lat' dir='ltr'><strong>Eleus</strong></span> <span class='ocrx_word' id='word_1_12' title='bbox 459 702 559 755; x_wconf 87' lang='lat' dir='ltr'><strong>est</strong></span> <span class='ocrx_word' id='word_1_13' title='bbox 594 691 699 755; x_wconf 84' lang='lat' dir='ltr'><strong>hic</strong></span> <span class='ocrx_word' id='word_1_14' title='bbox 742 695 994 773; x_wconf 76' lang='lat' dir='ltr'><strong>quidem</strong></span> <span class='ocrx_word' id='word_1_15' title='bbox 1037 688 1363 757; x_wconf 68' lang='lat' dir='ltr'><strong>Stasimus</strong></span> <span class='ocrx_word' id='word_1_16' title='bbox 1407 711 1660 758; x_wconf 83' lang='lat' dir='ltr'><strong>seruos.</strong></span> <span class='ocrx_word' id='word_1_17' title='bbox 1743 693 1916 755; x_wconf 89' lang='lat' dir='ltr'><strong>Nam</strong></span> <span class='ocrx_word' id='word_1_18' title='bbox 1962 692 2088 775; x_wconf 71' lang='lat' dir='ltr'><strong>ego</strong></span> <span class='ocrx_word' id='word_1_19' title='bbox 2137 701 2246 756; x_wconf 79' lang='lat' dir='ltr'><strong>ta-</strong></span> 
     </span>
     <span class='ocr_line' id='line_1_4' title="bbox 1533 820 2129 887; baseline 0 -1"><span class='ocrx_word' id='word_1_20' title='bbox 1533 825 1768 887; x_wconf 88' lang='lat' dir='ltr'><strong>lentum</strong></span> <span class='ocrx_word' id='word_1_21' title='bbox 1811 820 2129 886; x_wconf 71' lang='lat' dir='ltr'><strong>muituom:</strong></span> 
     </span>
     <span class='ocr_line' id='line_1_5' title="bbox 120 956 2249 1042; baseline 0.001 -23"><span class='ocrx_word' id='word_1_22' title='bbox 120 959 312 1040; x_wconf 79' lang='lat' dir='ltr'><strong>quando</strong></span> <span class='ocrx_word' id='word_1_23' title='bbox 351 961 553 1024; x_wconf 82' lang='lat' dir='ltr'><strong>horum</strong></span> <span class='ocrx_word' id='word_1_24' title='bbox 597 978 903 1024; x_wconf 81' lang='lat' dir='ltr'><strong>versuum</strong></span> <span class='ocrx_word' id='word_1_25' title='bbox 964 959 1163 1042; x_wconf 86' lang='lat' dir='ltr'><strong>primo</strong></span> <span class='ocrx_word' id='word_1_26' title='bbox 1205 956 1429 1039; x_wconf 59' lang='lat' dir='ltr'><strong>nempe</strong></span> <span class='ocrx_word' id='word_1_27' title='bbox 1472 966 1634 1038; x_wconf 80' lang='lat' dir='ltr'><strong>aput</strong></span> <span class='ocrx_word' id='word_1_28' title='bbox 1672 967 1886 1040; x_wconf 86' lang='lat' dir='ltr'><strong>potest</strong></span> <span class='ocrx_word' id='word_1_29' title='bbox 1929 976 2042 1040; x_wconf 94' lang='lat' dir='ltr'><strong>pro</strong></span> <span class='ocrx_word' id='word_1_30' title='bbox 2085 975 2249 1021; x_wconf 81' lang='lat' dir='ltr'><strong>ana-</strong></span> 
     </span>
     <span class='ocr_line' id='line_1_6' title="bbox 121 1090 2253 1175; baseline -0 -22"><span class='ocrx_word' id='word_1_31' title='bbox 121 1101 294 1170; x_wconf 80' lang='lat' dir='ltr'><strong>paesto</strong></span> <span class='ocrx_word' id='word_1_32' title='bbox 330 1112 490 1170; x_wconf 86' lang='lat' dir='ltr'><strong>esse,</strong></span> <span class='ocrx_word' id='word_1_33' title='bbox 538 1097 737 1156; x_wconf 83' lang='lat' dir='ltr'><strong>altero</strong></span> <span class='ocrx_word' id='word_1_34' title='bbox 780 1093 1156 1175; x_wconf 84' lang='lat' dir='ltr'><strong>bisyllabum</strong></span> <span class='ocrx_word' id='word_1_35' title='bbox 1202 1110 1356 1155; x_wconf 88' lang='lat' dir='ltr'><strong>esse</strong></span> <span class='ocrx_word' id='word_1_36' title='bbox 1397 1096 1729 1168; x_wconf 78' lang='lat' dir='ltr'><strong>neminem,</strong></span> <span class='ocrx_word' id='word_1_37' title='bbox 1781 1090 1842 1153; x_wconf 90' lang='lat' dir='ltr'><strong>id</strong></span> <span class='ocrx_word' id='word_1_38' title='bbox 1887 1090 2056 1174; x_wconf 90' lang='lat' dir='ltr'><strong>qnod</strong></span> <span class='ocrx_word' id='word_1_39' title='bbox 2102 1098 2253 1172; x_wconf 88' lang='lat' dir='ltr'><strong>post</strong></span> 
     </span>
     <span class='ocr_line' id='line_1_7' title="bbox 119 1223 2254 1307; baseline 0.001 -24"><span class='ocrx_word' id='word_1_40' title='bbox 119 1223 406 1288; x_wconf 83' lang='lat' dir='ltr'><strong>Bentleium</strong></span> <span class='ocrx_word' id='word_1_41' title='bbox 450 1225 507 1287; x_wconf 90' lang='lat' dir='ltr'><strong>in</strong></span> <span class='ocrx_word' id='word_1_42' title='bbox 551 1226 714 1289; x_wconf 83' lang='lat' dir='ltr'><strong>Eun.</strong></span> <span class='ocrx_word' id='word_1_43' title='bbox 760 1244 858 1304; x_wconf 84' lang='lat'>111,</span> <span class='ocrx_word' id='word_1_44' title='bbox 903 1226 966 1304; x_wconf 73' lang='lat'><strong>2,</strong></span> <span class='ocrx_word' id='word_1_45' title='bbox 1006 1225 1048 1286; x_wconf 78' lang='lat'><strong>7</strong></span> <span class='ocrx_word' id='word_1_46' title='bbox 1090 1232 1156 1286; x_wconf 85' lang='lat' dir='ltr'><strong>et</strong></span> <span class='ocrx_word' id='word_1_47' title='bbox 1201 1225 1361 1288; x_wconf 85' lang='lat' dir='ltr'><strong>Hec.</strong></span> <span class='ocrx_word' id='word_1_48' title='bbox 1409 1243 1510 1306; x_wconf 87' lang='lat' dir='ltr'><strong>m,</strong></span> <span class='ocrx_word' id='word_1_49' title='bbox 1560 1225 1622 1307; x_wconf 87' lang='lat'><strong>1,</strong></span> <span class='ocrx_word' id='word_1_50' title='bbox 1671 1227 1700 1287; x_wconf 86' lang='lat'>1</span> <span class='ocrx_word' id='word_1_51' title='bbox 1744 1242 1932 1288; x_wconf 85' lang='lat' dir='ltr'><strong>nemo</strong></span> <span class='ocrx_word' id='word_1_52' title='bbox 1976 1224 2254 1307; x_wconf 76' lang='lat' dir='ltr'><strong>ignorat,</strong></span> 
     </span>
     <span class='ocr_line' id='line_1_8' title="bbox 116 1319 2310 1442; baseline 0.001 -24"><span class='ocrx_word' id='word_1_53' title='bbox 116 1358 321 1440; x_wconf 80' lang='lat' dir='ltr'><strong>reliquis</strong></span> <span class='ocrx_word' id='word_1_54' title='bbox 375 1368 726 1442; x_wconf 86' lang='lat' dir='ltr'><strong>correptum</strong></span> <span class='ocrx_word' id='word_1_55' title='bbox 793 1376 941 1420; x_wconf 84' lang='lat' dir='ltr'><strong>esse</strong></span> <span class='ocrx_word' id='word_1_56' title='bbox 1003 1359 1105 1419; x_wconf 74' lang='lat' dir='ltr'><strong>hic</strong></span> <span class='ocrx_word' id='word_1_57' title='bbox 1160 1366 1310 1420; x_wconf 84' lang='lat' dir='ltr'><strong>ante</strong></span> <span class='ocrx_word' id='word_1_58' title='bbox 1366 1378 1472 1438; x_wconf 78' lang='lat' dir='ltr'><strong>qu.</strong></span> <span class='ocrx_word' id='word_1_59' title='bbox 1573 1347 1710 1420; x_wconf 81' lang='lat' dir='ltr'><strong>Sed</strong></span> <span class='ocrx_word' id='word_1_60' title='bbox 1774 1375 1891 1419; x_wconf 87' lang='lat' dir='ltr'><strong>nec</strong></span> <span class='ocrx_word' id='word_1_61' title='bbox 1948 1358 2252 1439; x_wconf 83' lang='lat' dir='ltr'><strong>ambigua</strong></span> <span class='ocrx_word' id='word_1_62' title='bbox 2299 1319 2310 1334; x_wconf 26' lang='grc' dir='ltr'>ἱ</span> 
     </span>
     <span class='ocr_line' id='line_1_9' title="bbox 114 1492 2251 1575; baseline 0.002 -25"><span class='ocrx_word' id='word_1_63' title='bbox 114 1501 229 1553; x_wconf 84' lang='lat' dir='ltr'><strong>sunt</strong></span> <span class='ocrx_word' id='word_1_64' title='bbox 258 1495 557 1574; x_wconf 74' lang='lat' dir='ltr'><strong>superiora</strong></span> <span class='ocrx_word' id='word_1_65' title='bbox 606 1494 750 1575; x_wconf 89' lang='lat' dir='ltr'><strong>illa,</strong></span> <span class='ocrx_word' id='word_1_66' title='bbox 795 1501 861 1555; x_wconf 88' lang='lat' dir='ltr'><strong>et</strong></span> <span class='ocrx_word' id='word_1_67' title='bbox 903 1510 1110 1574; x_wconf 86' lang='lat' dir='ltr'><strong>pauca</strong></span> <span class='ocrx_word' id='word_1_68' title='bbox 1154 1509 1190 1554; x_wconf 89' lang='lat' dir='ltr'><strong>e</strong></span> <span class='ocrx_word' id='word_1_69' title='bbox 1233 1492 1650 1554; x_wconf 80' lang='lat' dir='ltr'><strong>consimilium</strong></span> <span class='ocrx_word' id='word_1_70' title='bbox 1712 1511 1827 1573; x_wconf 94' lang='lat' dir='ltr'><strong>per</strong></span> <span class='ocrx_word' id='word_1_71' title='bbox 1880 1499 2103 1554; x_wconf 84' lang='lat' dir='ltr'><strong>omnes</strong></span> <span class='ocrx_word' id='word_1_72' title='bbox 2146 1492 2251 1554; x_wconf 85' lang='lat' dir='ltr'><strong>fa-</strong></span> 
     </span>
     <span class='ocr_line' id='line_1_10' title="bbox 113 1620 2248 1705; baseline 0.001 -24"><span class='ocrx_word' id='word_1_73' title='bbox 113 1620 253 1683; x_wconf 78' lang='lat' dir='ltr'><strong>bulas</strong></span> <span class='ocrx_word' id='word_1_74' title='bbox 288 1625 684 1688; x_wconf 81' lang='lat' dir='ltr'><strong>multitudine.</strong></span> <span class='ocrx_word' id='word_1_75' title='bbox 770 1623 1036 1705; x_wconf 81' lang='lat' dir='ltr'><strong>Ergone</strong></span> <span class='ocrx_word' id='word_1_76' title='bbox 1092 1629 1386 1703; x_wconf 88' lang='lat' dir='ltr'><strong>correpta</strong></span> <span class='ocrx_word' id='word_1_77' title='bbox 1432 1639 1584 1683; x_wconf 88' lang='lat' dir='ltr'><strong>esse</strong></span> <span class='ocrx_word' id='word_1_78' title='bbox 1626 1629 1745 1694; x_wconf 81' lang='lat' dir='ltr'><strong>mt,</strong></span> <span class='ocrx_word' id='word_1_79' title='bbox 1790 1642 1924 1701; x_wconf 82' lang='lat' dir='ltr'><strong>mp,</strong></span> <span class='ocrx_word' id='word_1_80' title='bbox 1973 1642 2109 1695; x_wconf 83' lang='lat' dir='ltr'><strong>mv,</strong></span> <span class='ocrx_word' id='word_1_81' title='bbox 2159 1629 2248 1700; x_wconf 85' lang='lat' dir='ltr'><strong>tp,</strong></span> 
     </span>
     <span class='ocr_line' id='line_1_11' title="bbox 109 1748 2252 1837; baseline 0.002 -27"><span class='ocrx_word' id='word_1_82' title='bbox 109 1757 200 1827; x_wconf 80' lang='lat' dir='ltr'><strong>tm,</strong></span> <span class='ocrx_word' id='word_1_83' title='bbox 232 1773 346 1829; x_wconf 79' lang='lat' dir='ltr'><strong>mn,</strong></span> <span class='ocrx_word' id='word_1_84' title='bbox 388 1777 483 1816; x_wconf 87' lang='lat' dir='ltr'><strong>mr</strong></span> <span class='ocrx_word' id='word_1_85' title='bbox 524 1753 894 1837; x_wconf 88' lang='lat' dir='ltr'><strong>putabimus</strong></span> <span class='ocrx_word' id='word_1_86' title='bbox 919 1748 956 1816; x_wconf 63' lang='lat' dir='ltr'><strong>‘G</strong></span> <span class='ocrx_word' id='word_1_87' title='bbox 1041 1753 1341 1816; x_wconf 81' lang='lat' dir='ltr'><strong>Profecto</strong></span> <span class='ocrx_word' id='word_1_88' title='bbox 1394 1753 1523 1815; x_wconf 91' lang='lat' dir='ltr'><strong>hoc</strong></span> <span class='ocrx_word' id='word_1_89' title='bbox 1568 1754 1623 1815; x_wconf 87' lang='lat' dir='ltr'><strong>si</strong></span> <span class='ocrx_word' id='word_1_90' title='bbox 1669 1753 1881 1834; x_wconf 88' lang='lat' dir='ltr'><strong>licuit,</strong></span> <span class='ocrx_word' id='word_1_91' title='bbox 1944 1753 2092 1816; x_wconf 87' lang='lat' dir='ltr'><strong>nihil</strong></span> <span class='ocrx_word' id='word_1_92' title='bbox 2127 1771 2252 1815; x_wconf 90' lang='lat' dir='ltr'><strong>non</strong></span> 
     </span>
     <span class='ocr_line' id='line_1_12' title="bbox 108 1857 2248 1968; baseline 0.002 -25"><span class='ocrx_word' id='word_1_93' title='bbox 108 1873 286 1960; x_wconf 78' lang='lat' dir='ltr'><strong>licebit,</strong></span> <span class='ocrx_word' id='word_1_94' title='bbox 324 1907 432 1950; x_wconf 89' lang='lat' dir='ltr'><strong>nec</strong></span> <span class='ocrx_word' id='word_1_95' title='bbox 470 1889 684 1951; x_wconf 80' lang='lat' dir='ltr'><strong>bellus</strong></span> <span class='ocrx_word' id='word_1_96' title='bbox 726 1857 1338 1967; x_wconf 59' lang='lat' dir='ltr'><strong>proceleusmaticus</strong></span> <span class='ocrx_word' id='word_1_97' title='bbox 1384 1889 1564 1950; x_wconf 79' lang='lat' dir='ltr'><strong>illum</strong></span> <span class='ocrx_word' id='word_1_98' title='bbox 1609 1907 1791 1968; x_wconf 82' lang='lat' dir='ltr'><strong>quem</strong></span> <span class='ocrx_word' id='word_1_99' title='bbox 1836 1889 2059 1950; x_wconf 75' lang='lat' dir='ltr'><strong>habuit</strong></span> <span class='ocrx_word' id='word_1_100' title='bbox 2104 1888 2248 1950; x_wconf 87' lang='lat' dir='ltr'><strong>sol-</strong></span> 
     </span>
     <span class='ocr_line' id='line_1_13' title="bbox 102 2013 2251 2106; baseline 0.007 -33"><span class='ocrx_word' id='word_1_101' title='bbox 102 2013 381 2084; x_wconf 79' lang='lat' dir='ltr'><strong>licitandus</strong></span> <span class='ocrx_word' id='word_1_102' title='bbox 421 2024 567 2105; x_wconf 88' lang='lat' dir='ltr'><strong>erit,</strong></span> <span class='ocrx_word' id='word_1_103' title='bbox 616 2040 741 2085; x_wconf 86' lang='lat' dir='ltr'><strong>nec</strong></span> <span class='ocrx_word' id='word_1_104' title='bbox 787 2042 1023 2104; x_wconf 84' lang='lat' dir='ltr'><strong>operae</strong></span> <span class='ocrx_word' id='word_1_105' title='bbox 1065 2024 1333 2106; x_wconf 91' lang='lat' dir='ltr'><strong>pretium</strong></span> <span class='ocrx_word' id='word_1_106' title='bbox 1376 2025 1570 2087; x_wconf 78' lang='lat' dir='ltr'><strong>fuerit</strong></span> <span class='ocrx_word' id='word_1_107' title='bbox 1593 2026 1844 2087; x_wconf 90' lang='lat' dir='ltr'><strong>omnino</strong></span> <span class='ocrx_word' id='word_1_108' title='bbox 1869 2025 1952 2087; x_wconf 90' lang='lat' dir='ltr'><strong>ad</strong></span> <span class='ocrx_word' id='word_1_109' title='bbox 1976 2023 2251 2106; x_wconf 88' lang='lat' dir='ltr'><strong>aliquam</strong></span> 
     </span>
     <span class='ocr_line' id='line_1_14' title="bbox 101 2153 2250 2236; baseline 0.004 -28"><span class='ocrx_word' id='word_1_110' title='bbox 101 2156 259 2212; x_wconf 75' lang='lat' dir='ltr'><strong>artem</strong></span> <span class='ocrx_word' id='word_1_111' title='bbox 292 2153 767 2217; x_wconf 81' lang='lat' dir='ltr'><strong>condendorum</strong></span> <span class='ocrx_word' id='word_1_112' title='bbox 809 2172 1115 2215; x_wconf 86' lang='lat' dir='ltr'><strong>versuum</strong></span> <span class='ocrx_word' id='word_1_113' title='bbox 1160 2154 1586 2236; x_wconf 84' lang='lat' dir='ltr'><strong>indagandam</strong></span> <span class='ocrx_word' id='word_1_114' title='bbox 1644 2158 1751 2218; x_wconf 85' lang='lat' dir='ltr'><strong>vel</strong></span> <span class='ocrx_word' id='word_1_115' title='bbox 1796 2156 2101 2218; x_wconf 88' lang='lat' dir='ltr'><strong>tantillum</strong></span> <span class='ocrx_word' id='word_1_116' title='bbox 2146 2155 2250 2217; x_wconf 85' lang='lat' dir='ltr'><strong>la-</strong></span> 
     </span>
     <span class='ocr_line' id='line_1_15' title="bbox 100 2277 2251 2370; baseline 0.007 -34"><span class='ocrx_word' id='word_1_117' title='bbox 100 2277 235 2343; x_wconf 85' lang='lat' dir='ltr'><strong>boris</strong></span> <span class='ocrx_word' id='word_1_118' title='bbox 274 2286 572 2349; x_wconf 82' lang='lat' dir='ltr'><strong>conferre.</strong></span> <span class='ocrx_word' id='word_1_119' title='bbox 665 2288 754 2349; x_wconf 80' lang='lat' dir='ltr'><strong>At</strong></span> <span class='ocrx_word' id='word_1_120' title='bbox 795 2303 907 2348; x_wconf 88' lang='lat' dir='ltr'><strong>cur</strong></span> <span class='ocrx_word' id='word_1_121' title='bbox 949 2306 1072 2349; x_wconf 93' lang='lat' dir='ltr'><strong>non</strong></span> <span class='ocrx_word' id='word_1_122' title='bbox 1115 2287 1230 2349; x_wconf 86' lang='lat' dir='ltr'><strong>sibi</strong></span> <span class='ocrx_word' id='word_1_123' title='bbox 1275 2288 1515 2350; x_wconf 88' lang='lat' dir='ltr'><strong>licitum</strong></span> <span class='ocrx_word' id='word_1_124' title='bbox 1550 2298 1810 2350; x_wconf 85' lang='lat' dir='ltr'><strong>veteres</strong></span> <span class='ocrx_word' id='word_1_125' title='bbox 1853 2298 2084 2370; x_wconf 87' lang='lat' dir='ltr'><strong>poetae</strong></span> <span class='ocrx_word' id='word_1_126' title='bbox 2127 2308 2251 2370; x_wconf 88' lang='lat' dir='ltr'><strong>pu-</strong></span> 
     </span>
     <span class='ocr_line' id='line_1_16' title="bbox 96 2420 2252 2506; baseline 0.005 -29"><span class='ocrx_word' id='word_1_127' title='bbox 96 2423 262 2482; x_wconf 77' lang='lat' dir='ltr'><strong>tarunt</strong></span> <span class='ocrx_word' id='word_1_128' title='bbox 300 2424 512 2487; x_wconf 89' lang='lat' dir='ltr'><strong>eadem</strong></span> <span class='ocrx_word' id='word_1_129' title='bbox 570 2425 977 2506; x_wconf 82' lang='lat' dir='ltr'><strong>correptione</strong></span> <span class='ocrx_word' id='word_1_130' title='bbox 1031 2426 1211 2487; x_wconf 86' lang='lat' dir='ltr'><strong>velut</strong></span> <span class='ocrx_word' id='word_1_131' title='bbox 1265 2428 1327 2487; x_wconf 89' lang='lat' dir='ltr'><strong>in</strong></span> <span class='ocrx_word' id='word_1_132' title='bbox 1386 2420 1613 2488; x_wconf 58' lang='lat' dir='ltr'><strong>ueram</strong></span> <span class='ocrx_word' id='word_1_133' title='bbox 1670 2432 1841 2486; x_wconf 78' lang='lat' dir='ltr'><strong>tacet</strong></span> <span class='ocrx_word' id='word_1_134' title='bbox 1902 2429 1991 2488; x_wconf 83' lang='lat' dir='ltr'><strong>uti</strong></span> <span class='ocrx_word' id='word_1_135' title='bbox 2034 2426 2140 2486; x_wconf 83' lang='lat' dir='ltr'><strong>vel</strong></span> <span class='ocrx_word' id='word_1_136' title='bbox 2187 2428 2252 2488; x_wconf 92' lang='lat' dir='ltr'><strong>in</strong></span> 
     </span>
     <span class='ocr_line' id='line_1_17' title="bbox 90 2542 2245 2634; baseline 0.003 -23"><span class='ocrx_word' id='word_1_137' title='bbox 90 2542 208 2606; x_wconf 62' lang='lat' dir='ltr'><strong>uftm</strong></span> <span class='ocrx_word' id='word_1_138' title='bbox 221 2554 330 2627; x_wconf 81' lang='lat' dir='ltr'><strong>pot,</strong></span> <span class='ocrx_word' id='word_1_139' title='bbox 356 2546 621 2617; x_wconf 59' lang='lat' dir='ltr'><strong>tanaim</strong></span> <span class='ocrx_word' id='word_1_140' title='bbox 657 2560 892 2630; x_wconf 79' lang='lat' dir='ltr'><strong>uirum,</strong></span> <span class='ocrx_word' id='word_1_141' title='bbox 939 2548 1063 2616; x_wconf 69' lang='lat' dir='ltr'><strong>eri&#39;t</strong></span> <span class='ocrx_word' id='word_1_142' title='bbox 1083 2562 1288 2634; x_wconf 79' lang='lat' dir='ltr'><strong>pater,</strong></span> <span class='ocrx_word' id='word_1_143' title='bbox 1340 2556 1531 2618; x_wconf 63' lang='lat' dir='ltr'><strong>habet</strong></span> <span class='ocrx_word' id='word_1_144' title='bbox 1557 2576 1673 2629; x_wconf 79' lang='lat' dir='ltr'><strong>me,</strong></span> <span class='ocrx_word' id='word_1_145' title='bbox 1722 2548 1931 2618; x_wconf 67' lang='lat' dir='ltr'><strong>«cutim</strong></span> <span class='ocrx_word' id='word_1_146' title='bbox 1962 2573 2245 2626; x_wconf 78' lang='lat' dir='ltr'><strong>necesse,</strong></span> 
     </span>
     <span class='ocr_line' id='line_1_18' title="bbox 92 2681 2246 2770; baseline 0.004 -29"><span class='ocrx_word' id='word_1_147' title='bbox 92 2681 259 2744; x_wconf 65' lang='lat' dir='ltr'>112·an</span> <span class='ocrx_word' id='word_1_148' title='bbox 296 2689 442 2748; x_wconf 71' lang='lat' dir='ltr'><strong>res?</strong></span> <span class='ocrx_word' id='word_1_149' title='bbox 526 2687 717 2751; x_wconf 75' lang='lat' dir='ltr'><strong>Luce</strong></span> <span class='ocrx_word' id='word_1_150' title='bbox 756 2685 990 2748; x_wconf 86' lang='lat' dir='ltr'><strong>clarius</strong></span> <span class='ocrx_word' id='word_1_151' title='bbox 1036 2694 1138 2749; x_wconf 85' lang='lat' dir='ltr'><strong>est</strong></span> <span class='ocrx_word' id='word_1_152' title='bbox 1182 2686 1544 2750; x_wconf 82' lang='lat' dir='ltr'><strong>mehercule</strong></span> <span class='ocrx_word' id='word_1_153' title='bbox 1588 2688 1648 2749; x_wconf 82' lang='lat' dir='ltr'><strong>ln</strong></span> <span class='ocrx_word' id='word_1_154' title='bbox 1705 2688 1866 2770; x_wconf 85' lang='lat' dir='ltr'><strong>ipsis</strong></span> <span class='ocrx_word' id='word_1_155' title='bbox 1914 2687 2246 2750; x_wconf 87' lang='lat' dir='ltr'><strong>vocabulis</strong></span> 
     </span>
     <span class='ocr_line' id='line_1_19' title="bbox 69 2812 2246 2905; baseline 0.002 -29"><span class='ocrx_word' id='word_1_156' title='bbox 69 2812 184 2876; x_wconf 76' lang='lat' dir='ltr'><strong>’illis</strong></span> <span class='ocrx_word' id='word_1_157' title='bbox 218 2819 429 2902; x_wconf 76' lang='lat' dir='ltr'><strong>aliquid</strong></span> <span class='ocrx_word' id='word_1_158' title='bbox 473 2840 671 2905; x_wconf 80' lang='lat' dir='ltr'><strong>esse,</strong></span> <span class='ocrx_word' id='word_1_159' title='bbox 737 2820 906 2884; x_wconf 79' lang='lat' dir='ltr'><strong>unde</strong></span> <span class='ocrx_word' id='word_1_160' title='bbox 963 2839 1202 2884; x_wconf 82' lang='lat' dir='ltr'><strong>caussa</strong></span> <span class='ocrx_word' id='word_1_161' title='bbox 1260 2821 1678 2903; x_wconf 82' lang='lat' dir='ltr'><strong>correptionis</strong></span> <span class='ocrx_word' id='word_1_162' title='bbox 1732 2819 2081 2902; x_wconf 89' lang='lat' dir='ltr'><strong>repetenda</strong></span> <span class='ocrx_word' id='word_1_163' title='bbox 2141 2820 2246 2883; x_wconf 87' lang='lat' dir='ltr'><strong>sit.</strong></span> 
     </span>
     <span class='ocr_line' id='line_1_20' title="bbox 88 2945 2252 3040; baseline 0.002 -26"><span class='ocrx_word' id='word_1_164' title='bbox 88 2945 235 3024; x_wconf 83' lang='lat' dir='ltr'><strong>Quod</strong></span> <span class='ocrx_word' id='word_1_165' title='bbox 274 2964 471 3020; x_wconf 86' lang='lat' dir='ltr'><strong>tamen</strong></span> <span class='ocrx_word' id='word_1_166' title='bbox 514 2977 649 3020; x_wconf 87' lang='lat' dir='ltr'><strong>non</strong></span> <span class='ocrx_word' id='word_1_167' title='bbox 692 2961 890 3040; x_wconf 86' lang='lat' dir='ltr'><strong>posse</strong></span> <span class='ocrx_word' id='word_1_168' title='bbox 930 2957 993 3018; x_wconf 91' lang='lat' dir='ltr'><strong>in</strong></span> <span class='ocrx_word' id='word_1_169' title='bbox 1037 2955 1313 3019; x_wconf 83' lang='lat' dir='ltr'><strong>finalium</strong></span> <span class='ocrx_word' id='word_1_170' title='bbox 1358 2963 1583 3018; x_wconf 88' lang='lat' dir='ltr'><strong>natura</strong></span> <span class='ocrx_word' id='word_1_171' title='bbox 1625 2953 2100 3019; x_wconf 88' lang='lat' dir='ltr'><strong>consonantium</strong></span> <span class='ocrx_word' id='word_1_172' title='bbox 2130 2971 2252 3037; x_wconf 83' lang='lat' dir='ltr'><strong>po·-</strong></span> 
     </span>
     <span class='ocr_line' id='line_1_21' title="bbox 75 3057 2256 3176; baseline 0.005 -34"><span class='ocrx_word' id='word_1_173' title='bbox 75 3084 241 3151; x_wconf 77' lang='lat' dir='ltr'><strong>-situm</strong></span> <span class='ocrx_word' id='word_1_174' title='bbox 279 3111 419 3156; x_wconf 82' lang='lat' dir='ltr'><strong>esse</strong></span> <span class='ocrx_word' id='word_1_175' title='bbox 447 3139 468 3176; x_wconf 85' lang='lat'>,</span> <span class='ocrx_word' id='word_1_176' title='bbox 510 3101 661 3158; x_wconf 78' lang='lat' dir='ltr'><strong>cuin</strong></span> <span class='ocrx_word' id='word_1_177' title='bbox 706 3090 1149 3155; x_wconf 83' lang='lat' dir='ltr'><strong>dissimilitudo</strong></span> <span class='ocrx_word' id='word_1_178' title='bbox 1195 3113 1256 3153; x_wconf 87' lang='lat' dir='ltr'><strong>m</strong></span> <span class='ocrx_word' id='word_1_179' title='bbox 1300 3102 1365 3155; x_wconf 82' lang='lat' dir='ltr'><strong>et</strong></span> <span class='ocrx_word' id='word_1_180' title='bbox 1405 3100 1433 3153; x_wconf 84' lang='lat' dir='ltr'><strong>t</strong></span> <span class='ocrx_word' id='word_1_181' title='bbox 1472 3092 1816 3156; x_wconf 86' lang='lat' dir='ltr'><strong>litterarum</strong></span> <span class='ocrx_word' id='word_1_182' title='bbox 1866 3057 2077 3171; x_wconf 82' lang='lat' dir='ltr'><strong>docet,</strong></span> <span class='ocrx_word' id='word_1_183' title='bbox 2124 3100 2256 3154; x_wconf 89' lang='lat' dir='ltr'><strong>tum</strong></span> 
     </span>
     <span class='ocr_line' id='line_1_22' title="bbox 87 3214 2259 3306; baseline 0.006 -32"><span class='ocrx_word' id='word_1_184' title='bbox 87 3214 301 3284; x_wconf 68' lang='lat' dir='ltr'><strong>aliorum</strong></span> <span class='ocrx_word' id='word_1_185' title='bbox 341 3221 744 3306; x_wconf 80' lang='lat' dir='ltr'><strong>quorundam</strong></span> <span class='ocrx_word' id='word_1_186' title='bbox 789 3224 1226 3304; x_wconf 85' lang='lat' dir='ltr'><strong>exemplorum</strong></span> <span class='ocrx_word' id='word_1_187' title='bbox 1272 3223 1663 3306; x_wconf 89' lang='lat' dir='ltr'><strong>comparatio</strong></span> <span class='ocrx_word' id='word_1_188' title='bbox 1705 3223 2090 3305; x_wconf 83' lang='lat' dir='ltr'><strong>persuadet,</strong></span> <span class='ocrx_word' id='word_1_189' title='bbox 2134 3239 2259 3305; x_wconf 82' lang='lat' dir='ltr'><strong>qua</strong></span> 
     </span>
     <span class='ocr_line' id='line_1_23' title="bbox 81 3354 2257 3443; baseline 0.002 -26"><span class='ocrx_word' id='word_1_190' title='bbox 81 3368 142 3412; x_wconf 75' lang='lat'><strong>00</strong></span> <span class='ocrx_word' id='word_1_191' title='bbox 179 3354 444 3423; x_wconf 87' lang='lat' dir='ltr'><strong>ducimur</strong></span> <span class='ocrx_word' id='word_1_192' title='bbox 472 3407 489 3437; x_wconf 93' lang='lat'>,</span> <span class='ocrx_word' id='word_1_193' title='bbox 554 3366 625 3421; x_wconf 87' lang='lat' dir='ltr'><strong>ut</strong></span> <span class='ocrx_word' id='word_1_194' title='bbox 687 3358 998 3422; x_wconf 81' lang='lat' dir='ltr'><strong>socianda</strong></span> <span class='ocrx_word' id='word_1_195' title='bbox 1056 3377 1207 3421; x_wconf 88' lang='lat' dir='ltr'><strong>esse</strong></span> <span class='ocrx_word' id='word_1_196' title='bbox 1252 3379 1508 3442; x_wconf 86' lang='lat' dir='ltr'><strong>unoque</strong></span> <span class='ocrx_word' id='word_1_197' title='bbox 1550 3380 1787 3443; x_wconf 86' lang='lat' dir='ltr'><strong>genere</strong></span> <span class='ocrx_word' id='word_1_198' title='bbox 1829 3361 2257 3442; x_wconf 85' lang='lat' dir='ltr'><strong>comprehen-</strong></span> 
     </span>
     <span class='ocr_line' id='line_1_24' title="bbox 84 3480 2260 3575; baseline 0.006 -29"><span class='ocrx_word' id='word_1_199' title='bbox 84 3480 260 3550; x_wconf 77' lang='lat' dir='ltr'><strong>denda</strong></span> <span class='ocrx_word' id='word_1_200' title='bbox 303 3490 738 3574; x_wconf 83' lang='lat' dir='ltr'><strong>intelligamus</strong></span> <span class='ocrx_word' id='word_1_201' title='bbox 750 3535 773 3575; x_wconf 85' lang='lat'><em>‚</em></span> <span class='ocrx_word' id='word_1_202' title='bbox 833 3510 998 3572; x_wconf 88' lang='lat' dir='ltr'><strong>qnae</strong></span> <span class='ocrx_word' id='word_1_203' title='bbox 1042 3509 1164 3554; x_wconf 90' lang='lat' dir='ltr'><strong>nec</strong></span> <span class='ocrx_word' id='word_1_204' title='bbox 1212 3491 1426 3573; x_wconf 85' lang='lat' dir='ltr'><strong>ignota</strong></span> <span class='ocrx_word' id='word_1_205' title='bbox 1470 3491 1671 3573; x_wconf 82' lang='lat' dir='ltr'><strong>vulgo</strong></span> <span class='ocrx_word' id='word_1_206' title='bbox 1718 3500 1783 3554; x_wconf 88' lang='lat' dir='ltr'><strong>et</strong></span> <span class='ocrx_word' id='word_1_207' title='bbox 1828 3512 1909 3554; x_wconf 89' lang='lat' dir='ltr'><strong>ex</strong></span> <span class='ocrx_word' id='word_1_208' title='bbox 1954 3502 2136 3575; x_wconf 87' lang='lat' dir='ltr'><strong>parte</strong></span> <span class='ocrx_word' id='word_1_209' title='bbox 2178 3514 2260 3557; x_wconf 90' lang='lat' dir='ltr'><strong>ne</strong></span> 
     </span>
     <span class='ocr_line' id='line_1_25' title="bbox 80 3614 2258 3705; baseline 0.008 -31"><span class='ocrx_word' id='word_1_210' title='bbox 80 3614 322 3683; x_wconf 78' lang='lat' dir='ltr'><strong>dubitata</strong></span> <span class='ocrx_word' id='word_1_211' title='bbox 382 3625 641 3705; x_wconf 84' lang='lat' dir='ltr'><strong>quidem</strong></span> <span class='ocrx_word' id='word_1_212' title='bbox 693 3623 967 3686; x_wconf 77' lang='lat' dir='ltr'><strong>diversis</strong></span> <span class='ocrx_word' id='word_1_213' title='bbox 1032 3631 1246 3685; x_wconf 86' lang='lat' dir='ltr'><strong>tamen</strong></span> <span class='ocrx_word' id='word_1_214' title='bbox 1311 3623 1655 3705; x_wconf 86' lang='lat' dir='ltr'><strong>generibus</strong></span> <span class='ocrx_word' id='word_1_215' title='bbox 1698 3624 2068 3689; x_wconf 88' lang='lat' dir='ltr'><strong>tribuerunt.</strong></span> <span class='ocrx_word' id='word_1_216' title='bbox 2153 3630 2258 3693; x_wconf 85' lang='lat' dir='ltr'><strong>An</strong></span> 
     </span>
     <span class='ocr_line' id='line_1_26' title="bbox 78 3748 2258 3837; baseline 0.007 -32"><span class='ocrx_word' id='word_1_217' title='bbox 78 3748 196 3823; x_wconf 82' lang='lat' dir='ltr'><strong>quis</strong></span> <span class='ocrx_word' id='word_1_218' title='bbox 234 3770 351 3813; x_wconf 90' lang='lat' dir='ltr'><strong>non</strong></span> <span class='ocrx_word' id='word_1_219' title='bbox 394 3753 563 3816; x_wconf 82' lang='lat' dir='ltr'><strong>alias</strong></span> <span class='ocrx_word' id='word_1_220' title='bbox 611 3761 854 3815; x_wconf 85' lang='lat' dir='ltr'><strong>tantum</strong></span> <span class='ocrx_word' id='word_1_221' title='bbox 896 3761 1333 3815; x_wconf 86' lang='lat' dir='ltr'><strong>consonantes</strong></span> <span class='ocrx_word' id='word_1_222' title='bbox 1376 3751 1601 3816; x_wconf 82' lang='lat' dir='ltr'><strong>finales</strong></span> <span class='ocrx_word' id='word_1_223' title='bbox 1643 3756 1987 3837; x_wconf 85' lang='lat' dir='ltr'><strong>quaslibet,</strong></span> <span class='ocrx_word' id='word_1_224' title='bbox 2032 3777 2258 3821; x_wconf 88' lang='lat' dir='ltr'><strong>verum</strong></span> 
     </span>
     <span class='ocr_line' id='line_1_27' title="bbox 75 3876 2259 3967; baseline 0.005 -27"><span class='ocrx_word' id='word_1_225' title='bbox 75 3876 236 3943; x_wconf 74' lang='lat' dir='ltr'><strong>etiam</strong></span> <span class='ocrx_word' id='word_1_226' title='bbox 278 3901 420 3947; x_wconf 87' lang='lat' dir='ltr'><strong>cnm</strong></span> <span class='ocrx_word' id='word_1_227' title='bbox 464 3884 572 3947; x_wconf 78' lang='lat' dir='ltr'><strong>his</strong></span> <span class='ocrx_word' id='word_1_228' title='bbox 612 3885 988 3949; x_wconf 86' lang='lat' dir='ltr'><strong>coniunctas</strong></span> <span class='ocrx_word' id='word_1_229' title='bbox 1036 3886 1336 3967; x_wconf 86' lang='lat' dir='ltr'><strong>vocales,</strong></span> <span class='ocrx_word' id='word_1_230' title='bbox 1404 3906 1527 3949; x_wconf 90' lang='lat' dir='ltr'><strong>non</strong></span> <span class='ocrx_word' id='word_1_231' title='bbox 1592 3887 1730 3950; x_wconf 89' lang='lat' dir='ltr'><strong>illas</strong></span> <span class='ocrx_word' id='word_1_232' title='bbox 1786 3889 2023 3951; x_wconf 85' lang='lat' dir='ltr'><strong>breves</strong></span> <span class='ocrx_word' id='word_1_233' title='bbox 2086 3898 2155 3951; x_wconf 89' lang='lat' dir='ltr'><strong>nt</strong></span> <span class='ocrx_word' id='word_1_234' title='bbox 2196 3890 2259 3951; x_wconf 92' lang='lat' dir='ltr'><strong>in</strong></span> 
     </span>
    </p>
   </div>
   <div class='ocr_carea' id='block_1_3' title="bbox 74 4020 2260 4106">
    <p class='ocr_par' dir='ltr' id='par_1_3' title="bbox 74 4020 2260 4106">
     <span class='ocr_line' id='line_1_28' title="bbox 74 4020 2260 4106; baseline 0.009 -35"><span class='ocrx_word' id='word_1_235' title='bbox 74 4020 255 4077; x_wconf 74' lang='lat' dir='ltr'><strong>enim</strong></span> <span class='ocrx_word' id='word_1_236' title='bbox 308 4028 515 4099; x_wconf 79' lang='lat' dir='ltr'><strong>aput</strong></span> <span class='ocrx_word' id='word_1_237' title='bbox 571 4023 920 4099; x_wconf 77' lang='lat' dir='ltr'><strong>quidem,</strong></span> <span class='ocrx_word' id='word_1_238' title='bbox 988 4020 1106 4083; x_wconf 89' lang='lat' dir='ltr'><strong>sed</strong></span> <span class='ocrx_word' id='word_1_239' title='bbox 1148 4031 1373 4084; x_wconf 88' lang='lat' dir='ltr'><strong>natura</strong></span> <span class='ocrx_word' id='word_1_240' title='bbox 1416 4022 1640 4103; x_wconf 86' lang='lat' dir='ltr'><strong>longas</strong></span> <span class='ocrx_word' id='word_1_241' title='bbox 1684 4027 1919 4104; x_wconf 85' lang='lat' dir='ltr'><strong>corripi</strong></span> <span class='ocrx_word' id='word_1_242' title='bbox 1965 4027 2260 4106; x_wconf 85' lang='lat' dir='ltr'><strong>potuisse</strong></span> 
     </span>
    </p>
   </div>
   <div class='ocr_carea' id='block_1_4' title="bbox 70 4150 2139 4257">
    <p class='ocr_par' dir='ltr' id='par_1_4' title="bbox 70 4150 2139 4257">
     <span class='ocr_line' id='line_1_29' title="bbox 70 4150 2139 4257; baseline 0.007 -46"><span class='ocrx_word' id='word_1_243' title='bbox 70 4150 168 4211; x_wconf 74' lang='lat' dir='ltr'><strong>tibi</strong></span> <span class='ocrx_word' id='word_1_244' title='bbox 206 4151 668 4232; x_wconf 67' lang='lat' dir='ltr'><strong>persuadebit?</strong></span> <span class='ocrx_word' id='word_1_245' title='bbox 754 4154 1004 4237; x_wconf 82' lang='lat' dir='ltr'><strong>Corripi</strong></span> <span class='ocrx_word' id='word_1_246' title='bbox 1052 4157 1224 4220; x_wconf 88' lang='lat' dir='ltr'><strong>velut</strong></span> <span class='ocrx_word' id='word_1_247' title='bbox 1256 4161 1490 4237; x_wconf 80' lang='lat' dir='ltr'><strong>fores</strong></span> <span class='ocrx_word' id='word_1_248' title='bbox 1534 4162 1927 4257; x_wconf 9' lang='lat' dir='ltr'><strong>potuisscyv.</strong></span> <span class='ocrx_word' id='word_1_249' title='bbox 1974 4159 2139 4226; x_wconf 79' lang='lat'>868:</span> 
     </span>
    </p>
   </div>
  </div>
 </body>
</html>
