2824 4890
410 344 597 411 CXC

406 540 648 595 tantum
668 573 690 612 ,
747 530 931 612 quale
989 536 1092 588 est
1148 526 1399 604 hercle,
1455 521 1573 584 sed
1630 523 1820 583 etiam
1879 522 1997 582 eho
2043 529 2107 581 et
2150 525 2248 580 eia
2293 521 2396 579 vei
2440 520 2625 592 heia,

413 684 576 747 quae
622 671 854 741 suapte
900 669 1127 721 natura
1169 658 1385 718 iubent
1429 655 1688 716 inhiberi
1752 673 2017 734 vocem,
2065 654 2232 714 haud
2279 673 2423 715 raro
2469 675 2632 716 cum

411 793 774 875 insequenti
816 792 1025 852 vocali
1069 787 1463 851 coaluerunt.
1515 787 1711 848 Velut
1756 788 1874 846 eleo
1905 805 2047 847 cum
2085 786 2226 846 aiibi
2273 794 2402 845 tum
2437 783 2642 865 Epid.

414 943 514 1006 lv,
568 929 623 1006 Ι,
667 925 753 985 40
785 925 902 984 elno
944 925 1152 990 istinc,
1202 920 1399 980 Poen.
1445 938 1491 999 1,
1534 921 1598 998 2,
1641 919 1718 979 51
1768 922 1886 979 olco
1931 905 2170 994 amabo,
2211 919 2295 980 ib.
2342 919 2452 979 121
2503 922 2638 980 elno

412 1077 501 1121 cm
542 1056 788 1137 irata's,
832 1072 935 1135 lv,
976 1051 1044 1132 3,
1095 1052 1172 1113 14
1212 1053 1331 1112 eleo
1376 1071 1463 1111 em
1504 1057 1652 1125 iam,
1714 1051 1878 1114 Rud.
1922 1069 1994 1132 n,
2032 1050 2099 1133 ⁶7,
2143 1052 2230 1113 20
2270 1055 2391 1113 elno
2435 1072 2523 1112 an
2565 1061 2645 1114 te

412 1193 727 1269 paenitet.-
795 1204 939 1247 nam
999 1185 1170 1246 Tria.
1234 1181 1360 1243 943
1415 1183 1689 1243 insiticia
1747 1192 1844 1245 est
1885 1203 1965 1246 ea
2008 1186 2322 1264 particula
2368 1195 2433 1249 ut
2481 1186 2640 1249 alibi

415 1320 783 1403 aliquoties,
827 1318 1088 1381 Poenuli
1135 1324 1348 1377 autem
1394 1334 1465 1395 v,
1510 1314 1573 1395 3,
1630 1318 1734 1378 17:

583 1454 765 1534 Eho,
832 1469 913 1512 an
956 1439 1141 1511 huius
1183 1456 1336 1510 sunt
1380 1447 1525 1509 iliae
1569 1443 1791 1509 filiae?
1848 1445 1962 1510 Gi.
2010 1451 2097 1511 ita
2141 1452 2229 1513 uti
2287 1451 2633 1531 praedicas

418 1593 549 1667 (sic
594 1591 756 1651 enim
803 1586 1240 1659 scribendum)
1274 1583 1579 1666 probandi
1625 1586 1687 1644 vi
1733 1594 1925 1658 caret,
1972 1587 2136 1667 quod
2170 1606 2293 1648 non
2342 1609 2487 1652 raro
2509 1594 2636 1652 eleo

419 1734 491 1786 ut
536 1722 954 1803 epiphonema
1000 1729 1185 1780 extra
1228 1735 1486 1777 versum
1533 1717 1802 1797 positum
1848 1728 1971 1797 est,
2000 1728 2064 1779 ut
2111 1720 2450 1782 Trin.934.
2481 1724 2629 1784 942

430 1856 677 1917 Pariter
744 1854 964 1913 elisum
1012 1859 1108 1912 eia
1154 1851 1355 1913 habes
1418 1854 1597 1914 velut
1644 1852 1796 1913 CaS.
1866 1873 1965 1930 ιιι,
2008 1855 2070 1934 6,
2114 1853 2171 1914 4.
2232 1856 2425 1917 Ττυο.
2473 1878 2520 1934 1,
2560 1858 2634 1936 2,

422 1986 530 2066 91,
576 2002 760 2065 quem
810 1985 1268 2045 Ambrosianus
1312 1985 1484 2045 iubet
1526 1986 1614 2046 ita
1657 1987 1903 2049 restitui
1949 2006 2073 2049 una
2119 2005 2260 2048 cum
2308 1989 2638 2070 proximo:

595 2119 727 2182 AS.
787 2121 961 2197 Eia,
1022 2116 1174 2180 haut
1229 2120 1379 2179 itast
1435 2138 1560 2183 res,
1605 2120 1712 2181 DI.
1770 2111 1872 2179 {in
1917 2127 1983 2179 tu
2034 2140 2173 2182 eam
2220 2140 2321 2181 me
2364 2118 2642 2183 amare?

1636 2252 1769 2313 AS.
1814 2253 2005 2313 immo
2049 2253 2235 2313 unice
2280 2249 2496 2317 tinum.

590 2384 702 2445 m.
746 2376 1092 2464 Peperisse
1135 2398 1274 2442 eam
1320 2374 1553 2441 audiui.
1603 2380 1737 2442 AS.
1795 2379 1916 2460 ah,
1976 2378 2269 2464 obsecro,
2322 2391 2470 2445 tace
2514 2382 2643 2447 Di-

1643 2517 1924 2578 niarche.
1968 2518 2078 2579 Di.
2120 2515 2267 2599 quid
2311 2521 2454 2584 iam.

429 2653 576 2732 Quo
624 2662 838 2715 tamen
895 2671 1021 2712 non
1066 2649 1388 2712 retulerim
1449 2665 1592 2711 cum
1643 2650 2075 2713 LAchANNo
2155 2672 2432 2731 prooem.
2504 2655 2636 2717 ind.

425 2784 571 2844 lect.
618 2781 827 2843 Berol.
872 2789 1033 2842 aest.
1081 2800 1138 2844 a.
1184 2759 1793 2843 (mi.
1850 2798 1912 2859 p.
1969 2781 2011 2842 6
2074 2780 2315 2843 Persae
2371 2801 2638 2845 versum

326 2934 333 2938 ·
431 2931 504 2991 u,
547 2913 616 2993 2,
657 2913 766 2993 30,
814 2931 999 2991 quem
1047 2912 1149 2971 ilie
1193 2913 1290 2972 sic
1334 2910 1769 2986 dimetitur*):
1817 2911 2002 2974 Heia.
2037 2912 2203 2973 heia'.
2252 2922 2358 2977 tuo
2401 2916 2494 2978 ἐει-
2533 2922 2639 2979 ἰηι-

424 3048 632 3122 genio,
683 3062 807 3125 ego
853 3043 950 3103 sic
991 3043 1237 3121 potius:

461 3250 522 3316 *J
562 3250 694 3301 Cum
733 3251 916 3299 eodem
946 3250 1291 3299 Lachmanno
1328 3261 1491 3312 aegre
1526 3251 1644 3300 fero
1678 3252 1796 3301 mihi
1832 3254 1986 3303 etiam
2025 3257 2092 3306 de
2126 3258 2355 3308 allorum
2377 3273 2640 3314 versuum

563 3352 897 3414 quorundam
917 3362 1171 3399 mensura
1191 3362 1300 3400 non
1336 3349 1474 3398 satis
1507 3353 1820 3402 convenire.
1857 3354 2027 3404 Velut
2064 3371 2248 3418 parum
2273 3364 2503 3422 expedio
2541 3380 2644 3428 qua

562 3466 814 3504 mensura
833 3455 1123 3502 decurrere
1153 3452 1291 3502 hunc
1329 3452 1594 3502 voluerit:
1622 3452 1915 3503 Pecuniae
1934 3456 2222 3519 accipiter
2258 3461 2436 3510 auide
2470 3466 2644 3528 atque

570 3554 769 3604 liuide.
839 3556 975 3619 Nec,
1011 3556 1057 3605 si
1095 3556 1216 3618 quid
1254 3555 1447 3617 video,
1499 3555 1854 3615 probabiliter
1901 3556 1996 3605 ille
2034 3559 2220 3620 Amph.
2267 3573 2309 3623 1,
2350 3560 2404 3623 1,
2445 3561 2557 3610 ¹88
2588 3570 2643 3612 et

561 3657 725 3704 Most.
764 3667 843 3718 ιν,
893 3656 952 3719 2,
989 3657 1059 3704 59
1098 3656 1399 3719 descripsit,
1438 3656 1527 3719 qui
1564 3656 1686 3705 mihi
1724 3658 1977 3708 videntur
2008 3659 2087 3708 his
2141 3662 2479 3723 accentibus,
2517 3677 2621 3714 no-

570 3761 720 3811 tandi
757 3760 963 3809 fuisse:

673 3857 825 3910 'Aine
864 3853 1046 3909 uero?
1092 3856 1211 3908 'Aio
1247 3860 1544 3913 enimuero.
1578 3859 1844 3915 verbero.
1912 3864 2145 3917 Mentire
2180 3880 2354 3919 nunc:

658 3960 791 4014 ’Δία
818 3964 990 4024 Atque
1010 3974 1122 4010 eam
1143 3974 1302 4011 manu
1324 3960 1584 4014 emisisse.
1612 3958 1754 4015 'Aio.
1783 3966 1850 4016 Et
1871 3975 2148 4031 postquam
2177 3969 2289 4020 eius
2317 3968 2442 4020 binc
2461 3976 2639 4034 pater:

564 4063 668 4113 nisi
716 4061 858 4127 quod
914 4062 965 4111 in
1013 4062 1195 4123 priore
1230 4075 1337 4113 non
1376 4067 1491 4114 fero
1530 4066 1681 4129 aine,
1717 4066 1814 4117 sed
1848 4072 2213 4132 reponendum
2255 4077 2384 4132 puto
2421 4040 2531 4122 Χὲιι
2580 4078 2641 4124 εν

568 4181 728 4219 uero.
799 4168 1230 4219 Commemoravi
1266 4172 1442 4218 autem
1482 4170 1616 4217 baec
1652 4175 1944 4234 propterea
1982 4178 2062 4235 ut,
2080 4174 2124 4221 si
2163 4174 2302 4222 forte
2340 4176 2403 4223 de
2438 4174 2516 4224 eis
2550 4188 2641 4225 rt-

566 4269 643 4318 tio
679 4282 761 4318 me
794 4270 1090 4329 fefellerit,
1141 4283 1297 4334 quam
1355 4272 1536 4321 fateor
1584 4269 1754 4320 adbuc
1791 4285 1872 4321 me
1924 4270 2210 4321 credidisse
2258 4273 2630 4337 certissimam,

573 4371 807 4421 meliora
843 4373 1384 4435 a·praestantissimo
1425 4377 1717 4439 eodemque
1753 4375 2037 4427 carIssimo
2076 4376 2194 4426 viro
2229 4376 2484 4426 edocear.
