2824 4890
2182 389 2271 451 121

161 568 448 629 coniectura
506 568 792 648 suppleta
849 576 914 629 et
971 568 1247 629 maxima
1294 564 1548 649 quidem
1595 589 1633 630 e
1675 579 1856 651 parte
1902 580 2074 633 recte
2116 588 2280 653 sup-

154 699 284 778 pleta
329 700 622 761 babemus·
708 699 880 762 Vide
938 706 1149 762 tamen
1209 699 1289 762 ad
1337 701 1512 763 Trln.
1557 701 1662 763 50.
1714 700 1848 764 193.
1903 684 2080 779 'Quo
2138 705 2282 785 plus

149 831 291 892 nobis
328 832 501 893 licere
543 833 599 894 in
647 831 872 894 eodem
920 851 1162 914 genere
1207 831 1749 914 existimavimus,
1793 833 1994 896 sicubi
2029 834 2279 897 tralati-

148 966 277 1027 cium
329 970 625 1028 nominum
686 964 969 1027 ordinem
1030 966 1486 1025 senteutIarum
1539 964 1696 1026 ratio
1757 964 2130 1029 dissuadere
2174 968 2282 1028 vi-

148 1097 381 1178 deretur,
434 1097 611 1161 velut
664 1115 808 1160 cum
856 1096 1133 1158 ultimam
1189 1072 1774 1180 paenultimamque
1824 1117 2087 1162 scenam
2131 1098 2280 1161 'l'ri-

147 1232 333 1293 nummi
381 1230 972 1292 reconcinnavimus
1017 1228 1322 1310 Lysitelis
1365 1249 1482 1310 pro
1528 1228 1813 1292 Calliclis
1857 1249 2129 1310 persona
2172 1250 2283 1292 re·-

150 1363 344 1441 positat
397 1362 770 1445 praesertim
841 1378 984 1423 cum
1051 1362 1189 1441 ipso
1246 1364 1307 1424 B
1358 1362 1581 1425 codice
1634 1365 2029 1445 antiquiores
2083 1364 2286 1427 fuisse

152 1498 254 1564 illas
280 1504 472 1567 turbas
518 1523 713 1585 supra
764 1502 1129 1566 viderimus.

960 1834 1285 1891 cAPv'l·
1320 1837 1407 1891 V·

272 2022 362 2086 De
401 2024 781 2089 editionibus
810 2025 1018 2088 Plauti
1045 2025 1414 2109 singillatim
1448 2025 1805 2106 exponendi
1853 2024 2297 2106 iudicandique

136 2148 297 2214 otium
357 2156 534 2219 nobis
598 2159 765 2218 satis
827 2157 1037 2238 ampla
1095 2156 1175 2217 de
1237 2157 1387 2217 crisi
1444 2155 1742 2218 Plautina
1801 2156 2142 2238 disputatio
2198 2156 2299 2218 illa

130 2277 283 2362 fecit,
336 2303 500 2367 quae
571 2291 636 2350 in
703 2288 825 2349 illis
879 2287 1318 2350 examinandis
1373 2290 1720 2370 praecipue
1771 2302 2089 2351 versatur.
2178 2287 2301 2351 Cui

134 2411 378 2480 addenda
433 2437 616 2501 quae
674 2419 935 2503 Parerg.
980 2437 1037 2501 1,
1084 2439 1144 2500 p.
1190 2418 1319 2483 403
1378 2419 1847 2482 annotavimus.
1937 2421 2049 2482 llla
2109 2417 2303 2500 igitur

133 2553 633 2616 commentatione
690 2563 1126 2635 excerptaque
1179 2552 1237 2615 in
1296 2549 2034 2615 Bacchidum'e'ditione
2094 2550 2301 2633 pluri·-

132 2693 341 2744 morum
413 2684 876 2766 exemplarium
938 2684 1325 2766 discrepanti
1395 2690 1712 2767 scriptura
1770 2692 2105 2765 postquam
2171 2683 2299 2744 fal·
2415 2689 2422 2696 '

130 2808 405 2879 sissinium
463 2836 626 2881 esse
690 2819 982 2899 apparuit
1035 2823 1142 2900 qui
1202 2819 1283 2882 de
1340 2823 1563 2884 nescio
1622 2821 1848 2902 quibus
1899 2826 2301 2881 vetustarum

135 2941 438 3013 editionum
497 2951 829 3013 thesauris
883 2948 987 3012 diu
1045 2971 1258 3014 rumor
1306 2954 1721 3034 obtinuisset,
1788 2969 1960 3015 nunc
2004 2971 2127 3014 non
2171 2956 2310 3010 erat

138 3079 381 3154 protecto
439 3100 558 3144 eur
616 3083 678 3144 in
733 3103 810 3145 eo
864 3100 1108 3164 genere
1167 3086 1306 3146 sine
1362 3084 1569 3148 fructu
1638 3083 1848 3147 denuo
1905 3101 2312 3147 moraremur.

132 3212 330 3296 ltaque
368 3238 514 3282 eum
567 3219 876 3282 editorum
918 3229 1051 3281 tum
1098 3230 1458 3284 ceterorum
1509 3222 1865 3284 criticorum
1919 3226 2171 3284 nomina
2219 3221 2315 3281 eis

130 3351 342 3414 tantum
397 3352 571 3414 locis
631 3356 1164 3429 commemoravi,
1227 3354 1454 3436 quibus
1494 3353 1575 3414 illi
1620 3353 1729 3414 vel
1793 3351 2023 3433 aliquid
2079 3350 2309 3412 salutis

133 3485 463 3552 attulissent
507 3488 621 3551 vel
667 3488 873 3571 aliqua
930 3488 1009 3550 de
1069 3504 1306 3549 caussa
1364 3484 1874 3561 memorabilem,
1936 3483 2231 3566 quamvis
2278 3497 2319 3545 a

135 3630 269 3677 vero
319 3620 726 3684 aberrantem
789 3621 1219 3682 coniecturam
1285 3617 1762 3681 admovissent:
1827 3616 2075 3698 quando
2132 3616 2321 3679 etiam

131 3765 358 3814 errores
413 3771 573 3816 esse
625 3751 932 3815 eiusmodi
988 3759 1300 3833 possunt,
1364 3759 1436 3811 ut
1490 3748 1719 3830 aliquid
1782 3747 1887 3809 vel
1943 3747 2148 3810 laudis
2208 3748 2318 3808 vel

131 3882 400 3949 utilitatis
467 3888 767 3953 babeant.
870 3889 941 3949 ln
1004 3906 1131 3968 quo
1202 3885 1406 3948 sicubi
1472 3883 1737 3945 videbor
1802 3881 2028 3942 nimius
2092 3879 2318 3953 fuisse,

132 4021 528 4094 quantumvis
570 4020 677 4082 vel
725 4021 1027 4082 inutilium
1069 4017 1548 4081 liariolationum
1586 4017 1691 4079 vel
1718 4013 2148 4094 imperitarum
2176 4027 2326 4070 mu-

132 4151 421 4214 tationum
465 4155 688 4215 sciens
731 4152 984 4214 silentio
1028 4147 1499 4231 praeterierim:
1540 4147 1731 4207 nimia
1779 4143 1953 4205 volui
1996 4141 2328 4226 diligentia

136 4301 306 4365 quam
353 4289 709 4355 severitate
753 4287 1052 4371 aliquave
1090 4284 1486 4369 negligentia
1526 4300 1818 4365 peccare.
1906 4281 1989 4344 Et
2013 4278 2329 4344 editorum
