2824 4890
546 346 671 409 XC

533 536 772 593 caussa
816 545 1075 607 moneo,
1132 545 1490 612 quanquam
1552 527 1745 591 video
1796 529 1985 591 etiam
2031 535 2465 612 provectiores
2501 535 2673 588 aetate

538 666 777 728 tirones
826 684 992 727 esse.
1031 698 1107 711 -
1151 666 1347 741 Fide,
1394 670 1495 728 die
1538 668 1725 728 etiam
1774 676 1998 728 eontra
2041 666 2239 729 libros
2281 666 2531 745 scripsi,
2569 661 2676 722 ubi·

535 820 786 882 cunque
829 800 1140 883 bisyllaba
1182 803 1385 863 forma
1439 811 1706 864 metrum
1755 820 1914 882 opus
1961 802 2184 865 habet:
2242 798 2564 863 absurdum
2603 803 2678 854 est

492 936 742 1011 'enim,
798 954 1068 1017 quorum
1127 936 1579 998 vocabulorum
1639 935 2007 998 commodas
2060 945 2262 998 metro
2301 936 2538 997 ‘formas
2575 931 2681 1009 ipsa

523 1072 751 1152 lingua
797 1070 1137 1151 fluxisset,
1200 1072 1546 1133 eorundem
1611 1080 1813 1132 metro
1857 1069 2291 1133 incommodas
2335 1069 2623 1151 praelatas
2653 1082 2683 1123 a

536 1205 749 1285 poetis
795 1203 1059 1265 eredere
1102 1212 1167 1265 et
1207 1223 1321 1284 per
1364 1204 1616 1266 inutiles
1660 1205 1929 1267 alieuius
1973 1203 2277 1266 licentiae
2318 1202 2681 1282 ambageseo

531 1344 911 1419 perventum
959 1354 1109 1398 esse
1152 1356 1279 1419 quo
1322 1344 1551 1416 posset
1596 1343 1775 1397 reeta
1819 1338 1924 1398 via
1985 1336 2339 1415 perveniri:
2393 1328 2683 1397 absurdum

530 1471 820 1553 synizesi
853 1470 910 1530 in
937 1468 1117 1529 binas
1144 1466 1430 1548 syllabas
1475 1474 1807 1528 contracta
1843 1468 2009 1546 fidei,
2059 1469 2336 1528 sciebam
2363 1470 2464 1539 (ut
2490 1482 2547 1522 v.
2568 1458 2686 1528 65⁷)

532 1609 738 1689 tueri,
807 1626 946 1670 oum
982 1608 1193 1687 fide,
1254 1608 1568 1666 scibam
1623 1607 1967 1673 formarum
2028 1606 2130 1666 vis
2175 1614 2241 1666 et
2284 1605 2445 1668 ratio
2485 1620 2596 1665 non
2626 1598 2689 1659 sit

533 1741 657 1801 alia
720 1740 837 1800 nisi
897 1747 963 1799 ut
1023 1738 1199 1799 vitae
1255 1756 1374 1798 usu
1437 1739 1763 1818 probatam
1829 1738 2203 1819 bisyllabam
2268 1733 2684 1821 pronuntiatio·

538 1887 681 1932 nem
731 1865 1029 1931 imitando
1073 1870 1208 1948 ipsa
1253 1871 1566 1949 scriptura
1609 1879 2080 1950 assequeretur.
2126 1869 2314 1947 Quae
2344 1869 2581 1952 quidem
2610 1881 2692 1926 ra-

543 2002 868 2063 tiocinatio
935 2004 997 2062 in
1057 1999 1216 2061 alias
1273 2018 1527 2083 quoque
1584 2010 1806 2089 partes
1845 2001 1998 2062 artis
2041 2000 2379 2064 Plautinae
2423 2008 2586 2085 patet
2618 1999 2694 2059 la·

536 2138 785 2198 tissime
814 2181 831 2215 ,
898 2138 1075 2197 velut
1123 2136 1181 2195 in
1226 2135 1356 2209 nil,
1404 2142 1516 2206 mi,
1567 2155 1716 2210 nec,
1761 2143 1893 2209 sat,
1936 2137 2111 2197 ditiis
2152 2156 2265 2217 pro
2309 2138 2510 2212 nihil,
2551 2132 2688 2199 ηιιἹΙό,

536 2294 772 2355 neque,
838 2278 1032 2346 satis,
1092 2275 1334 2335 diuitiis
1374 2272 1475 2350 (v,
1520 2273 1666 2336 682.
1708 2273 1906 2345 8293.
2005 2274 2091 2337 Et
2134 2277 2263 2356 fide
2323 2295 2438 2358 pro
2485 2274 2624 2353 fidei
2651 2268 2694 2329 B

535 2408 826 2472 servavit
880 2426 943 2472 v,
993 2405 1125 2471 117.
1226 2406 1443 2469 Vnum
1514 2410 1637 2468 rei
1691 2426 1812 2469 non
1872 2424 2010 2470 sum
2068 2426 2269 2472 ausus
2333 2432 2408 2473 re
2463 2407 2697 2473 scribere

531 2560 588 2603 e.
627 2559 691 2623 g.
738 2561 799 2602 v.
852 2540 1000 2620 119,
1061 2549 1131 2602 ut
1174 2542 1354 2602 cuius
1397 2541 1747 2619 scripturae
1789 2541 2213 2603 testimonium
2260 2562 2389 2604 non
2436 2554 2696 2622 reppere-

533 2677 682 2738 rim:
749 2682 815 2737 et
871 2683 1139 2755 possunt
1182 2675 1243 2735 in
1291 2693 1417 2735 uno
1462 2675 1942 2755 monosyllabae
1997 2676 2184 2738 vocis
2227 2676 2527 2757 exemplo
2567 2663 2698 2733 alind
2785 2697 2786 2704 κ

527 2808 644 2888 ipsi
688 2815 945 2868 veteres
987 2805 1318 2886 probasse.
1376 2841 1458 2853 —
1545 2808 1690 2871 Neo
1733 2828 1772 2869 e
1813 2808 2105 2870 librorum
2150 2810 2370 2888 potius
2413 2800 2700 2875 memoria,

528 2957 695 3021 quae
739 2946 1000 3020 propter
1043 2955 1342 2999 caussam
1376 2941 1585 3020 capite
1609 2942 1655 3000 1.
1680 2938 2110 3022 significatam
2151 2937 2275 3002 diei
2304 2940 2526 3023 nequit
2551 2949 2701 3018 quam

532 3073 657 3133 sibi
703 3091 828 3132 non
872 3079 1126 3131 constet
1170 3070 1229 3130 in
1274 3069 1398 3132 hoc
1440 3089 1711 3153 genere,
1769 3090 1958 3153 quam
2004 3093 2044 3134 e
2082 3075 2347 3136 rationis
2391 3068 2705 3156 probabili·

529 3214 664 3268 tate
707 3203 988 3287 pendere
1047 3205 1219 3267 volui
1272 3207 1335 3266 in
1390 3207 1906 3268 accusativorum
1951 3207 2265 3288 scriptura
2311 3212 2496 3270 aedis
2538 3205 2707 3265 hosen

524 3344 690 3402 ciuis
734 3344 918 3401 auris
958 3343 1198 3399 mensis
1241 3343 1402 3399 artie
1454 3343 1657 3398 omnis
1695 3340 1910 3416 pluris
1949 3340 2205 3401 uenalis
2224 3361 2250 3399 .·
2312 3339 2439 3402 sed
2491 3347 2562 3400 ut
2611 3349 2708 3396 non

530 3471 739 3552 magis
800 3489 986 3551 quam
1035 3469 1454 3531 accusativos
1498 3471 1685 3529 aedes
1745 3487 1994 3542 omnes,
2057 3467 2398 3548 probarem
2457 3470 2516 3529 in
2571 3461 2709 3527 libris

521 3612 773 3685 reperta
817 3624 1052 3665 uersus
1094 3604 1370 3664 melioris
1406 3605 1573 3682 facit
1612 3622 1675 3666 v.
1700 3601 1854 3683 707,
1897 3603 2006 3664 vel
2053 3603 2492 3665 nominativos
2530 3600 2705 3679 pleri·

526 3758 649 3820 que
690 3742 898 3798 omm'e
938 3738 1054 3818 29,
1103 3741 1307 3798 omnis
1348 3736 1637 3796 mortalis
1680 3736 1824 3797 212.
1883 3769 1965 3783 —-
2051 3735 2401 3798 Postremo
2443 3734 2714 3818 quoniam

526 3867 874 3954 praevideo
922 3867 1064 3929 fore
1107 3867 1212 3948 qui
1255 3866 1336 3927 de
1383 3868 1432 3927 d
1469 3867 1574 3928 illo
1612 3854 2072 3950 ‘paragogioo’,
2120 3868 2175 3928 iu
2223 3868 2399 3949 quod
2449 3864 2714 3931 infestius

522 3967 725 4085 nuber
764 4002 1173 4063 Hermannus
1216 4000 1536 4062 consuluit
1583 4000 1783 4081 praef.
1831 4003 1894 4061 in
1938 3999 2167 4063 Bacch.
2210 4020 2270 4081 p.
2298 4018 2408 4064 vn
2455 4007 2521 4064 in
2565 4003 2716 4081 ipsa·

521 4156 645 4220 que
704 4138 957 4200 fabulae
1010 4135 1194 4196 huius
1238 4121 1637 4218 διορθώσει,
1695 4132 1995 4198 iudicium
2040 4153 2245 4197 meum
2294 4135 2718 4199 sciscitentur:

522 4272 641 4332 etsi
690 4271 853 4331 hane
898 4286 1029 4329 rem
1073 4264 1383 4348 quasdam
1429 4265 1664 4328 habere
1719 4268 2051 4330 cautiones
2109 4277 2298 4348 puto,
2369 4287 2546 4350 quas
2598 4262 2720 4331 alibi
