2824 4890
574 334 796 400 XCV!
805 339 865 400 11

572 525 697 589 hae
738 539 890 590 sese
930 530 1356 590 successione
1402 527 1568 590 illius
1618 533 1805 591 vocis
1849 528 2089 593 formae
2137 531 2528 613 exceperint:
2567 528 2721 591 rm!

570 660 779 722 semul
814 663 1024 723 simul.
1112 661 1254 740 Quo
1303 662 1507 725 minus
1552 663 1678 726 falli
1721 663 2013 727 videmur
2056 682 2203 726 eum
2247 663 2484 728 merline
2522 664 2713 727 formae

572 795 938 856 memoriam
988 795 1177 858 etiam
1227 775 1285 855 a'
1310 795 1518 858 Mario
1568 797 1899 860 Victorino
1947 816 2008 877 p.
2049 798 2217 861 2457
2257 808 2561 861 servatam
2604 810 2714 855 esse

567 929 1045 990 existimamus:
1089 917 1328 1008 ‘simul,
1415 947 1541 990 non
1595 918 1850 994 semul':
1901 931 2043 994 sine
2087 949 2263 995 mera
2304 933 2459 996 enim
2500 929 2606 993 hoe
2639 942 2719 1009 pro

571 1075 870 1145 corrupto
916 1068 1116 1128 semel
1156 1066 1635 1131 restituendum.
1681 1101 1761 1115 -
1820 1067 1876 1128 Ε
1923 1068 2156 1130 ceteris
2205 1069 2413 1148 paullo
2452 1079 2716 1128 memora-

567 1204 757 1267 bilius
801 1212 901 1266 est
945 1224 1006 1264 v.
1058 1204 1135 1265 1⁴7
1179 1205 1237 1265 in
1281 1204 1340 1266 A
1391 1223 1412 1265 1
1461 1204 1764 1284 seriptum
1811 1222 1923 1285 pro
1968 1208 2056 1264 ii.-
2096 1201 2491 1286 lgeminatum
2531 1199 2715 1266 enimi

565 1340 626 1399 in
690 1337 1055 1419 pronomine
1110 1356 1231 1400 non
1293 1338 1593 1401 maiorem
1658 1337 1847 1399 fldem
1910 1336 2102 1401 babet
2156 1357 2350 1420 quam
2396 1338 2455 1399 in
2493 1336 2579 1396 dii
2609 1330 2715 1400 dii&

569 1491 696 1554 quo
744 1473 973 1553 quibus
1017 1481 1129 1534 aut
1170 1475 1240 1534 du·
1278 1477 1379 1536 die
1424 1484 1492 1536 nt
1533 1479 1559 1533 i
1596 1479 1687 1548 ie,
1747 1484 1861 1535 aut
1917 1476 2023 1534 dei
2060 1476 2198 1535 deis
2241 1483 2313 1536 ut
2352 1478 2413 1534 ei
2451 1468 2616 1545 (625)
2646 1466 2712 1524 δ’

568 1615 827 1669 veteres
879 1607 1236 1688 probarunt.
1272 1640 1347 1651 ——
1384 1607 1724 1669 Postremo
1754 1624 1818 1668 m
1848 1625 1960 1687 pro
1988 1611 2014 1666 i
2037 1611 2397 1686 scripturae
2425 1602 2482 1663 in
2505 1594 2715 1681 quibus-

570 1739 714 1802 dam
762 1740 1028 1821 fabulis,
1094 1750 1165 1803 ut
1228 1740 1669 1804 Menaechmis
1725 1752 1791 1803 et
1833 1743 2237 1823 Mercatore,
2316 1735 2713 1804 Ambrosianus

568 1873 972 1953 potissimum
1017 1881 1117 1934 est
1162 1874 1609 1953 plenissimus:
1676 1876 1736 1936 in
1777 1875 2145 1937 Trinummo
2198 1874 2589 1938 manifestum
2624 1865 2711 1927 lm·

567 1993 843 2069 i'usmodi
886 2006 1033 2067 nihil
1056 2050 1076 2087 ,
1121 2008 1239 2069 sed
1283 2016 1500 2069 tamen
1545 2027 1583 2070 e
1621 2009 1849 2088 spatiis
1898 2010 2244 2070 litterarum
2294 2026 2334 2069 a
2371 2004 2547 2069 nobis
2581 1993 2712 2059 indt-

568 2151 787 2225 gatum
851 2160 1089 2205 Ana-nus
1142 2161 1204 2203 v.
1247 2141 1408 2221 ²36,
1469 2143 1751 2205 fortasse
1808 2145 1998 2205 etiam
2053 2158 2205 2204 nms
2258 2159 2326 2203 v.
2367 2140 2521 2212 411,
2565 2153 2598 2195 e
2628 2145 2709 2192 ¹¹⁰⁰

564 2276 882 2359 ambiguis
924 2278 1411 2357 corruptelarum
1457 2263 1755 2358 vestigiis
1799 2280 2099 2338 ammeio
2156 2295 2220 2338 v.
2277 2273 2460 2339 1037.
2540 2261 2709 2348 00115·
2753 2273 2754 2318 ³

566 2413 913 2477 curandum
961 2413 1184 2495 putavi
1228 2420 1296 2475 ut
1343 2411 1648 2496 religiose
1689 2419 2120 2475 servarentur.

730 2549 1200 2628 Aspirationem
1235 2565 1380 2607 eum
1411 2545 1585 2608 libris
1609 2544 1971 2608 addidimus
2013 2545 2326 2607 boliten·
2354 2541 2497 2606 voci
2523 2528 2702 2603 v.4oe‚

562 2688 813 2760 praeter
855 2678 1046 2740 libros
1090 2676 1212 2739 non
1257 2676 1620 2739 addidimus
1663 2677 1723 2738 in
1769 2677 2048 2738 hostium
2091 2693 2154 2741 v,
2197 2676 2347 2738 525.
2386 2673 2535 2751 ⁶08,
2574 2667 2704 2730 den-
2745 2682 2746 2685 ’

563 2813 809 2892 psimns
867 2831 1059 2873 erus
1114 2812 1385 2890 nomini,
1452 2813 1633 2875 euius
1686 2827 1854 2873 nunc
1907 2819 2170 2891 recepta
2216 2811 2421 2873 berne
2461 2804 2706 2882 scriptur·

575 2941 701 3006 tide
759 2944 1156 3024 antiquitatis
1199 2961 1462 3025 prorsus
1506 2951 1698 3005 earet.
1788 2944 1976 3006 Vltra
2019 2941 2498 3025 orthographici
2548 2939 2638 2998 aut

566 3079 821 3161 generis
868 3079 1029 3140 fines
1073 3079 1384 3142 consolita
1425 3077 1483 3141 in
1527 3082 1689 3159 hem,
1732 3101 1863 3155 em,
1904 3100 1985 3141 en
2029 3080 2349 3143 scribendi
2397 3076 2681 3150 discrepan

566 3212 658 3275 tia
700 3220 1062 3295 evagatur:
1120 3210 1199 3273 de
1257 3229 1379 3292 qna
1437 3229 1671 3293 operae
1723 3211 1991 3291 pretium
2053 3211 2237 3273 fuerit
2298 3212 2422 3276 alio
2478 3214 2678 3283 tempor

559 3364 762 3428 agere
813 3346 1207 3426 explicatius.

728 3477 1178 3557 progredimur
1219 3478 1296 3541 ad
1344 3486 1792 3541 consonantes.
1879 3478 1964 3540 Et
2010 3482 2072 3541 in
2121 3477 2300 3540 exitu
2342 3475 2582 3561 quidem
2620 3481 2655 3526 Υ

564 3609 928 3671 cabulorum
974 3626 1114 3671 cum
1159 3611 1323 3671 satis
1368 3617 1620 3672 constet
1659 3610 1859 3691 ipsius
1901 3627 2081 3673 usum
2130 3609 2521 3691 antiquitatis
2548 3598 2650 3665 veh

552 3750 795 3805 menter
826 3742 1175 3805 fluctuasse
1208 3741 1367 3803 inter
1410 3750 1440 3803 t
1477 3752 1539 3804 et
1578 3744 1627 3803 d
1651 3743 1897 3805 litteras
1933 3742 2292 3825 eademque
2327 3727 2671 3806 inconstans

551 3881 744 3942 etiam
788 3875 1118 3939 Plautinos
1163 3874 1355 3938 libros
1399 3885 1708 3957 occupet:
1751 3894 1869 3938 nos
1914 3896 2053 3938 eam
2101 3877 2585 3939 inconstantiam
2623 3881 2651 3923 n

555 4032 780 4077 sumus
826 4019 885 4077 iu
929 4014 1205 4098 singulis
1249 4013 1558 4096 vocibus,
1617 4012 1733 4075 sed
1783 4013 1839 4074 in
1883 4016 2124 4094 'genere
2169 4012 2476 4072 universo
2521 4001 2660 4066 imitt

548 4150 800 4212 Etenim
857 4159 1016 4225 set,
1086 4156 1312 4227 aput,
1373 4149 1579 4210 luant
1642 4165 1724 4209 ac
1785 4154 2116 4226 praeterea
2173 4146 2384 4206 illut
2434 4151 2499 4203 et
2541 4135 2642 4200 oli

551 4299 775 4362 voees,
819 4301 901 4342 ne
944 4284 1249 4343 memoria
1295 4280 1435 4343 eius
1477 4279 1569 4341 rei
1607 4283 1814 4343 omnis
1859 4279 2245 4359 aboleretur,
2289 4284 2318 4338 Ι
2363 4276 2565 4340 litters
2603 4276 2653 4331 1⁰
