2824 4890
515 349 735 415 wa

518 541 671 605 illuc
715 553 786 604 ut
829 541 1124 624 redeam,
1179 544 1537 626 scripturae
1577 545 1971 623 praestantia
2019 540 2418 607 Ambrosiani
2460 538 2582 602 libri
2621 548 2674 601 ut

519 692 644 736 non
673 675 757 736 sit
782 673 927 738 ilico
972 694 1011 736 e
1047 675 1561 738 recensionis
1606 675 1891 738 bonitate
1938 672 2309 756 repetenda,
2356 682 2424 737 at
2461 672 2684 737 aetati

521 806 760 871 codicis
805 809 1141 872 tribuenda
1197 817 1336 893 est,
1394 829 1558 892 quae
1615 813 1747 873 vim
1792 810 2032 873 babere
2077 810 2379 873 bonitatis
2417 808 2683 873 vicariam

519 939 824 1002 consolet.
910 941 1131 1023 Atque
1165 939 1328 1004 baec
1363 960 1524 1005 vera
1565 957 1802 1004 caussa
1841 947 1965 1021 est,
2012 956 2122 1002 cur
2157 939 2504 1020 generatim
2539 936 2677 1001 iudi-

519 1073 687 1136 canti
743 1092 868 1137 non
923 1072 1129 1153 possit
1181 1090 1304 1134 non
1358 1072 1558 1134 multo
1615 1071 1811 1133 maior
1874 1088 2025 1132 esse
2083 1070 2482 1134 Ambrosiani
2534 1086 2685 1151 quam

522 1204 951 1267 Palatinarum
996 1206 1348 1267 auctoritas
1386 1203 1612 1266 videri.
1674 1205 1843 1267 Hinc
1881 1214 2094 1268 autem
2136 1223 2385 1267 rursum
2412 1203 2528 1266 boc
2550 1220 2680 1264 con-

523 1337 830 1419 sequitur,
879 1343 948 1398 ut
990 1334 1346 1417 ubicunque
1388 1344 1620 1416 suapte
1661 1344 1887 1399 natura
1912 1336 2046 1417 pari
2090 1336 2374 1401 bonitate
2410 1337 2535 1398 sint
2569 1334 2682 1396 dis·

526 1474 870 1550 crepantes
916 1465 1081 1529 inter
1119 1483 1197 1528 se
1237 1466 1593 1548 scripturae
1635 1485 1675 1529 e
1713 1465 1960 1530 duobus
1999 1468 2279 1531 fontibus
2311 1469 2432 1532 illis
2462 1467 2679 1545 ductae,

520 1602 690 1665 nulla
732 1599 922 1681 igitur
962 1607 1031 1660 ut
1070 1597 1130 1659 in
1163 1598 1475 1679 exemplis
1505 1597 1718 1662 adhuc
1746 1600 1953 1662 allatis
1984 1598 2308 1683 deligendi
2340 1594 2718 1678 necessitas

527 1737 711 1798 nobis
756 1736 1009 1819 quidem
1067 1736 1252 1799 hodie
1303 1734 1475 1799 baud
1532 1742 1909 1798 cunctanter
1963 1734 2335 1817 sequendus
2374 1736 2435 1799 A
2478 1733 2585 1814 sit,
2633 1739 2685 1792 ut

522 1870 587 1929 in
613 1886 740 1948 quo
770 1867 927 1930 ratio
956 1868 1466 1950 antiquitatis
1511 1869 1768 1931 evincat
1809 1869 2482 1951 probabilitatem
2522 1862 2686 1930 fidei

520 2002 821 2063 maiorem
883 2018 1051 2064 esse.
1136 2000 1333 2065 Velut
1350 2020 1535 2065 -cum
1593 2022 1707 2084 per
1759 2021 1836 2066 se
1889 2002 2034 2066 nihil
2089 2004 2388 2085 profecto
2449 1998 2684 2076 intersit,

523 2131 628 2194 his
670 2135 931 2195 aedibus
972 2151 1052 2195 an
1095 2135 1273 2196 hisce
1314 2136 1575 2196 aedibus
1612 2135 1859 2217 legatur
1901 2152 1965 2196 v.
2014 2134 2146 2197 1⁷7.
2193 2134 2342 2198 293.
2382 2135 2540 2215 40²,
2592 2146 2687 2192 uno
2783 2174 2788 2181 Ἴ

527 2266 589 2330 Δ
632 2263 796 2328 duce
833 2265 1051 2347 primis
1096 2264 1349 2327 duobus
1392 2266 1690 2329 versibus
1729 2265 1919 2348 illud,
1976 2266 2102 2330 hoc
2143 2266 2563 2349 recipiendum
2600 2260 2690 2325 fuit
2787 2308 2788 2317 ,

522 2401 750 2482 tertio,
813 2409 1032 2466 contra
1070 2399 1397 2465 Palatinos
1456 2409 1802 2483 utrumque.
1890 2399 2006 2464 Sic
2068 2400 2129 2464 in
2171 2418 2248 2465 se
2305 2401 2455 2466 nihil
2496 2398 2689 2465 babent
2783 2444 2784 2450 κ

526 2554 640 2599 cur
682 2545 792 2600 aut
830 2533 1239 2617 improbanda
1284 2534 1411 2597 sint
1456 2542 1565 2596 aut
1603 2534 1662 2595 in
1701 2531 2155 2596 dubitationem
2187 2533 2482 2597 vocanda
2510 2551 2567 2595 v.
2585 2525 2682 2593 361
2783 2556 2786 2568 ·

523 2667 854 2743 opprobrat,
900 2662 1027 2727 384
1063 2669 1376 2742 permitto,
1422 2661 1550 2727 843
1584 2667 1848 2746 faciam,
1896 2664 2029 2726 400
2072 2667 2412 2738 commode,
2458 2664 2577 2727 655
2608 2661 2690 2721 ae·-

517 2797 708 2866 oen‘str',
775 2793 903 2855 659
940 2813 1055 2866 ac,
1122 2793 1287 2856 1064
1323 2795 1542 2856 iubes:
1604 2804 1669 2856 et
1710 2803 1924 2868 tamen
1979 2795 2198 2859 borum
2242 2797 2308 2858 in
2355 2797 2552 2860 locum
2591 2808 2687 2855 non

516 2924 922 2988 dubitandum
967 2925 1113 3008 quin
1160 2944 1246 2989 ex
1287 2927 1349 2990 A
1392 2927 1615 2990 merito
1645 2928 1989 2991 substituta
2018 2928 2146 2992 sint
2185 2934 2525 3010 exprobra,
2564 2944 2689 3006 per·

515 3064 796 3136 mittam,
853 3063 1067 3142 facio,
1129 3063 1551 3137 commodum,
1612 3069 1686 3124 tu
1734 3065 1909 3124 dixti
1961 3060 2166 3144 (quod
2225 3063 2453 3127 imitati
2505 3070 2689 3125 sumus
2782 3091 2784 3102 ‹

515 3211 581 3257 v,
624 3192 808 3275 556),
847 3198 937 3267 ut,
984 3211 1220 3256 mones.
1309 3192 1686 3276 Quanquam
1728 3212 2172 3276 nonnunquam
2219 3194 2408 3259 facile
2455 3192 2687 3257 sentitur
2782 3240 2784 3252 ,

512 3347 667 3410 cur,
736 3328 900 3412 quod
944 3348 1060 3411 per
1100 3347 1176 3393 se
1222 3329 1369 3393 nibil
1415 3329 1656 3392 habere
1696 3328 2070 3392 offensionis
2113 3327 2447 3410 videatur,
2507 3333 2686 3386 tamon
2782 3353 2784 3382 l

515 3466 920 3528 Ambrosiani
962 3466 1307 3529 memoriae
1348 3467 1456 3528 vel
1501 3473 1569 3527 ut
1613 3464 1824 3527 minus
1867 3463 2249 3546 exquisitum
2291 3469 2406 3524 aut
2458 3461 2688 3538 elegam

513 3595 1023 3679 posthabendum
1068 3595 1174 3677 sit,
1221 3613 1283 3658 e.
1324 3614 1380 3659 c.
1411 3597 1492 3658 de
1529 3594 1807 3656 stultitia
1846 3613 1986 3655 mea
2026 3605 2090 3658 v.
2114 3592 2246 3656 509
2286 3611 2408 3673 pro
2448 3581 2691 3653 deml·
2780 3611 2782 3640 ι

512 3731 671 3790 titiis
726 3731 920 3812 meis,
976 3727 1083 3788 vel
1145 3735 1215 3790 ut
1271 3728 1481 3790 minus
1532 3735 1709 3790 recte
1761 3725 2115 3808 cogitatum
2139 3770 2160 3808 ,
2226 3745 2283 3787 e.
2326 3742 2385 3791 c.
2441 3716 2690 3801 depellor

511 3881 580 3924 v.
621 3862 753 3926 640
793 3879 908 3944 pro
950 3859 1269 3941 depellar,
1331 3858 1438 3922 vel
1499 3857 1772 3940 denique
1827 3868 1897 3922 ut
1955 3859 2163 3922 minus
2221 3859 2607 3922 conveniens
2641 3845 2690 3908 in

494 3999 817 4084 ‚loquendi
877 3998 1405 4062 consuetudInem
1467 3995 1824 4059 Plautinum
1853 4039 1872 4075 ‚
1937 3992 2107 4056 sicut
2161 4011 2223 4055 v.
2261 3991 2368 4056 85.
2411 3987 2554 4053 242.
2592 3972 2694 4045 313

511 4132 680 4196 bona
718 4151 832 4215 per
876 4149 955 4196 se
995 4127 1319 4194 vocabula
1360 4126 1665 4201 cumane,
1728 4126 1979 4186 inscius
1998 4165 2019 4204 ,
2079 4127 2548 4200 ecquaenam,
2600 4124 2692 4196 pm
2779 4141 2780 4166 κ

519 4263 748 4347 quibus
809 4262 1057 4348 quidem
1126 4259 1351 4326 formis
1414 4277 1455 4324 a
1511 4255 1723 4322 Plauti
1783 4274 1903 4321 usu
1962 4254 2188 4319 alienis
2245 4269 2363 4316 eas
2417 4251 2589 4336 ipsas
2638 4239 2688 4307 A
2779 4275 2780 4298 κ
