2824 4890
1969 351 2299 424 cxxvi!

71 560 78 569 .
169 523 282 577 sunt
340 519 627 582 hercle
682 540 876 598 erqo
958 529 1299 605 quippe,
1368 529 1492 592 alia
1554 531 1888 598 accedere.
1997 539 2307 608 Hercle

167 647 352 728 corripi
399 653 517 714 iam
582 652 910 720 Bentleius
967 659 1031 717 in
1076 657 1237 720 Eun.
1281 676 1348 736 v,
1390 661 1471 742 8,
1516 663 1599 728 43
1654 651 1841 729 ‘cras’
1890 668 2092 752 inquit
2136 660 2307 740 ‘cre-

164 780 324 848 dam':
364 786 689 851 Trinummi
730 810 792 853 v.
823 790 909 854 52
938 811 1199 873 pravam
1225 800 1826 883 pronuntiationem,
1871 823 1935 866 v.
1956 804 2084 868 507
2105 807 2312 889 ipsam

165 933 347 979 vocem
385 919 837 985 Ambrosianus
897 926 1202 1011 sustulit3
1267 947 1331 994 v,
1369 929 1496 994 559
1546 941 1656 995 aut
1711 936 1930 998 hercle
1988 957 2072 1001 ex
2126 940 2309 1005 inse-

158 1054 338 1130 quenti
376 1061 477 1115 aut
509 1073 592 1116 ex
636 1055 1169 1136 praecedentibus
1208 1065 1466 1140 quidem
1510 1065 1806 1147 irrepsit3
1865 1071 2053 1135 simili
2097 1094 2311 1139 errore

157 1183 581 1250 titiosissimum
645 1192 1284 1271 proceleusmaticum
1346 1198 1566 1260 hercle
1621 1203 1731 1264 ille
1782 1208 2030 1285 quidem
2074 1227 2138 1269 v.
2175 1209 2302 1275 717

155 1314 430 1399 efficiunt3
477 1320 790 1402 producto
836 1325 1054 1386 hercle
1097 1334 1276 1390 recte
1322 1330 1604 1410 procedit
1647 1353 1711 1395 v.
1752 1334 1855 1398 58.
1942 1336 2044 1398 Ad
2089 1345 2308 1404 cetera

153 1453 427 1534 exempla,
472 1474 641 1537 quae
683 1456 745 1518 in
785 1460 1099 1539 corruptis
1145 1463 1442 1526 versibus
1484 1474 1629 1527 suut
1672 1473 1917 1551 omnia,
1965 1489 2132 1534 nunc
2178 1494 2303 1539 ex-

151 1589 366 1668 spatiari
404 1591 665 1674 longum
716 1603 834 1655 est.
888 1628 963 1639 —
1024 1593 1403 1678 Correptum
1451 1620 1536 1661 er
1549 1623 1650 1678 qo
1696 1604 2040 1667 Trinummi
2083 1625 2147 1669 V.
2178 1610 2304 1673 926

153 1721 366 1787 vitiabat
409 1736 556 1789 ante
601 1730 1021 1792 certissimam
1070 1732 1282 1794 Reizii
1328 1737 1907 1817 transpositionem.
1970 1741 2301 1824 Transpa-

148 1853 314 1918 nendo
352 1860 535 1922 etiam
582 1859 805 1922 Militis
847 1880 942 1943 lv,
975 1864 1043 1945 2,
1095 1864 1171 1926 17
1211 1868 1737 1935 succurrendumt

276 1993 423 2091 'Ego
464 2013 770 2075 continuo
808 2012 1071 2076 uxdrem
1119 2016 1285 2079 hanc
1315 2017 1565 2082 ducam.
1593 2054 1675 2069 -—-
1717 2025 1895 2106 Ergo
1939 2025 2108 2091 hanc
2149 2030 2324 2112 quid.

1431 2150 1685 2217 dubitas
1729 2154 2051 2241 colloqui?

139 2283 341 2351 Persae
380 2311 421 2371 1,
468 2293 529 2374 1,
585 2291 671 2356 26
712 2310 793 2355 ex
842 2294 1264 2359 Ambrosiano
1308 2298 1404 2362 sic
1447 2306 1918 2371 restituendus:

269 2438 423 2520 Quid
470 2463 607 2528 ego
653 2444 929 2511 faciam?
977 2437 1201 2509 deisne
1245 2447 1610 2515 adum-ser?
1669 2454 1850 2536 quasi
1898 2459 2105 2523 Titani
2148 2479 2294 2530 cum

1419 2581 1517 2649 {is
1561 2589 1954 2677 belligerem,

756 2711 1005 2792 Quibus
1051 2726 1155 2779 sat
1199 2736 1348 2781 esse
1393 2717 1516 2781 non
1559 2717 1839 2802 queam?

134 2867 215 2930 Ex
252 2892 353 2950 eqo
394 2881 604 2942 ortum
656 2895 808 2951 erqo
853 2874 1137 2937 eiusdem
1187 2876 1442 2938 fabulae
1491 2897 1557 2961 11,
1586 2879 1650 2960 2,
1682 2877 1753 2942 3:
1805 2854 1950 2942 item
1981 2880 2297 2967 Poen.1v,

130 2995 185 3077 2,
216 3001 313 3084 7¹,
354 3022 542 3085 quem
593 3005 692 3066 sic
737 3003 1005 3067 emendo
1054 3006 1223 3067 viam
1272 3016 1665 3071 monstrante
1709 3011 2167 3078 Ambrosiano:

264 3154 495 3221 Facile.
543 3190 627 3203 —
694 3158 873 3220 Face
933 3178 1058 3242 ego
1116 3158 1176 3221 id
1233 3157 1428 3222 facile
1484 3178 1742 3224 noscam
1800 3182 2003 3243 ergo,
2065 3160 2133 3225 tit
2190 3164 2297 3227 iilo

1508 3291 1715 3372 possit
1756 3289 2049 3355 ndscere.

128 3454 299 3524 Stichi
338 3481 414 3549 v,
460 3466 529 3548 4,
577 3465 659 3528 45
704 3465 1038 3529 delendum
1087 3485 1222 3543 aye,
1272 3474 1342 3527 ut
1383 3482 1419 3525 e
1458 3465 1864 3547 praegressis
1907 3463 2160 3556 iiiatum.
2224 3463 2296 3524 In

122 3596 391 3670 graviore
434 3599 669 3662 mendo
711 3599 907 3661 cubat
948 3600 1122 3661 Men.
1166 3617 1233 3674 11,
1269 3598 1339 3680 3,
1371 3598 1472 3662 84.
1505 3628 1586 3642 —-
1629 3600 1726 3661 De
1753 3606 2046 3679 correpto
2092 3594 2297 3660 dude

120 3727 226 3788 etsi
262 3727 528 3794 dubitari
575 3735 838 3814 nequit,
900 3737 1113 3793 tamen
1159 3730 1509 3792 Trinummi
1555 3730 1806 3811 quidem
1852 3751 1914 3793 v,
1958 3731 2084 3793 218
2131 3752 2169 3792 e
2210 3729 2293 3792 li-

117 3848 344 3920 brorum
385 3861 692 3924 memoria
731 3862 904 3923 unde
944 3858 1256 3941 quidquid
1289 3859 1511 3921 eodem
1549 3860 1712 3942 iure,
1755 3862 2077 3941 quounde
2102 3858 2295 3939 quid-

117 4003 223 4061 que
258 3989 398 4073 aiii,
439 4009 562 4053 nos
604 3989 936 4054 effecimus
981 4007 1126 4052 cum
1174 3989 1516 4071 Scaliger-o
1558 3987 1735 4051 unde'
1774 3991 1957 4069 quid,
2018 3987 2185 4069 quod
2229 3990 2294 4050 in

114 4112 250 4180 fflud
313 4076 445 4184 nou¹
505 4120 628 4185 alio
698 4139 914 4184 errore
980 4119 1227 4182 transiit
1299 4137 1486 4201 quam
1553 4136 1674 4200 quo
1737 4118 1798 4178 in
1869 4118 2292 4183 Ambrosiano

120 4263 590 4328 vulsomsouaxu
646 4274 759 4339 pro
814 4260 1152 4337 quisquam
1206 4252 1508 4334 scriptum
1554 4259 1655 4314 est
1697 4269 1760 4312 v.
1803 4249 1946 4315 519.
1989 4283 2068 4297 --
2117 4251 2288 4317 Cor..
