2824 4890
1807 378 1812 382 <
1915 330 2369 398 Chxxxvu

160 509 306 572 Alia
362 509 657 588 exempla
708 514 1060 568 ceterarum
1126 506 1573 570 emendatione
1633 509 1985 575 fabularum
2044 515 2361 583 tollentur.

159 641 293 706 Sed
319 641 397 703 ad
422 642 874 703 Terentianum
903 640 1145 720 aie'yea'l
1180 645 1500 706 indeislria
1544 646 2009 712 defendendum
2054 671 2177 713 non
2221 665 2366 719 utar

155 773 279 835 hac
340 773 922 836 demonstratione:
1002 775 1111 844 ubi
1177 794 1319 837 cum
1388 779 1673 842 Bentleio
1742 801 2002 862 prorsus
2070 784 2364 850 desidero

151 912 369 967 nostra
415 905 805 986 pronominis
855 907 1446 988 notioneni„elapsi
1492 918 1704 970 autem
1755 913 2052 974 versiculi
2099 916 2365 979 alicuius

150 1036 335 1099 video
378 1040 568 1100 etiam
614 1039 737 1100 alia
783 1039 1077 1134 exempla
1121 1044 1383 1123 proponi
1424 1062 1645 1123 posse,
1693 1053 1763 1105 ut

483 1174 881 1258 Bonitasque
925 1179 1243 1259 adiutanS,
1289 1200 1455 1261 quae
1498 1182 1774 1242 antehac
1819 1185 1883 1242 in
1932 1181 2113 1244 uobis
2158 1179 2315 1245 fuit:

484 1308 879 1394 Bonitasque
922 1323 1165 1395 nostra,
1212 1333 1379 1395 quae
1423 1315 1580 1376 alias
1625 1315 1901 1377 adiutrix
1949 1316 2084 1376 suit.

312 1442 509 1503 Nunc
552 1452 765 1504 autem
790 1489 810 1524 ,
881 1453 1220 1525 postquam
1266 1464 1407 1505 eum
1456 1444 1657 1508 locum
1682 1468 1702 1524 ,·
1770 1446 1871 1526 qui
1915 1454 2017 1507 est
2063 1444 2143 1505 de
2188 1461 2364 1505 cor-

157 1572 581 1651 reptione
648 1573 1118 1659 longarum
1189 1577 1692 1654 vocalium,
1774 1578 1860 1638 ita
1932 1578 2019 1639 uti
2082 1577 2360 1639 fecimus

153 1705 721 1784 pertractavimuS,
771 1706 960 1767 simul
1004 1716 1270 1787 apparet
1315 1725 1426 1767 cur
1471 1706 1872 1768 brevium
1921 1710 2362 1772 vocalium

149 1835 740 1916 productioni
804 1836 1035 1898 nullum
1084 1839 1333 1899 omnino
1397 1839 1603 1898 locum
1651 1839 1709 1898 in
1758 1839 2052 1919 prosodia
2107 1844 2358 1925 quidem

150 1973 449 2037 Plautina
494 1972 953 2056 concedamus,
992 1974 1106 2036 sed
1153 1984 1393 2037 tantum
1445 1975 1723 2056 aliquem
1770 1976 1833 2035 in
1877 1977 2172 2037 metrica„

989 2420 1311 2476 cAlw'l’
1347 2422 1551 2477 mv.

316 2687 571 2765 Quibus
617 2696 829 2748 autem
854 2687 1326 2749 condicionibus
1361 2688 1672 2769 syllabam
1699 2687 2067 2768 ancipitem,
2114 2684 2355 2747 eisdem

138 2819 396 2881 admitti
440 2818 735 2882 hiatum
784 2831 1056 2885 constat.
1146 2823 1319 2884 Nihil
1362 2823 1554 2906 igitur
1593 2823 1970 2902 suspicionis
2015 2819 2360 2881 'l'rinummi

138 2953 306 3014 haec
348 2954 644 3032 exempla
688 2953 940 3032 babent,
984 2953 1213 3034 quibus
1260 2953 1577 3032 proditum
1622 2956 1681 3015 in
1732 2954 1903 3015 libris
1932 2954 2172 3015 hiatum
2199 2971 2354 3032 par-

143 3086 260 3145 tim
307 3084 574 3144 servavi
618 3084 841 3163 partim
891 3085 1218 3162 revocavi,
1267 3104 1325 3173 v.
1370 3084 1513 3145 273.
1552 3084 1695 3146 432.
1738 3086 1884 3148 907.
1941 3085 2121 3148 1059.
2173 3083 2358 3147 1071.

144 3216 363 3277 1185:

318 3343 604 3408 Gloriam
651 3359 715 3408 et
754 3350 1072 3425 yra'tiam:
1116 3344 1238 3407 Ιιὸσ
1283 3347 1496 3427 probis
1542 3346 1897 3428 pretiumst.

312 3476 633 3559 Tempust
674 3482 967 3541 adeundi.
1015 3481 1149 3540 LE.
1201 3480 1381 3548 estne
1429 3480 1528 3541 hic
1572 3479 1782 3541 Philto
1826 3484 1930 3562 qui
1975 3476 2251 3540 aduenit.

315 3606 531 3672 Lubet
577 3610 818 3675 audire.
868 3613 1002 3675 SY.
1048 3612 1133 3672 illi
1180 3608 1407 3690 edepol
1453 3611 1553 3670 iun·
1590 3644 1671 3659 —-
1718 3609 1821 3671 iun·
1853 3643 1932 3656 —
1964 3632 2083 3673 uae
2127 3609 2360 3675 misero

1531 3749 1698 3809 mihi.

310 3862 413 3948 1³30
474 3886 748 3952 domum.
817 3886 960 3950 CH.
1018 3887 1183 3949 heus
1245 3895 1349 3967 tu,
1411 3896 1554 3949 asta
1613 3883 1773 3948 ilico.
1830 3890 2010 3960 audi,
2060 3887 2221 3946 liceis
2266 3894 2349 3944 tu.

1365 4020 1494 4084 ST.
1539 4041 1662 4081 non
1711 4030 1833 4080 sto.
1900 4018 2040 4082 CH.
2085 4016 2148 4078 te
2196 4019 2357 4077 uolo.

323 4148 537 4215 Sitin'
584 4171 710 4234 ego
759 4152 967 4216 oculis
1008 4151 1196 4234 plane
1239 4154 1468 4216 uideo?
1531 4152 1710 4215 letne
1752 4152 1855 4213 hic
1913 4170 1993 4212 an
2049 4169 2168 4211 nou
2210 4145 2358 4213 est?

1360 4287 1416 4348 is
1465 4294 1582 4348 est.
