2824 4890
1984 400 2304 465 Lxxxv

172 578 309 623 nunc
356 570 740 647 acquiescam
764 566 874 652 1οὈ,
944 570 1317 651 optimorum
1368 574 1662 640 librorum
1725 584 2084 647 testimonia
2128 583 2303 647 Cur-

169 696 386 759 culionis
423 717 465 780 1,
517 699 571 782 1,
615 700 692 765 4:

434 832 525 893 Sa·
560 831 767 895 media
808 852 936 895 nox
975 844 1076 898 est
1118 841 1375 902 sivest
1420 842 1616 922 prima
1663 862 1959 925 uespera:

164 960 487 1036 optimorum
532 979 672 1024 cum
720 965 1146 1030 Ambrosiano
1192 971 1397 1034 Stichi
1441 991 1540 1052 ιιι,
1590 974 1649 1055 l,
1700 977 1810 1039 18:

436 1099 582 1181 Ere,
625 1106 704 1162 si
742 1119 868 1183 ego
912 1112 1161 1166 taceam
1204 1111 1389 1168 siue
1437 1106 1681 1190 loquar,
1726 1111 1863 1174 scio
1908 1112 2076 1173 scire
2109 1122 2197 1194 te,

155 1231 248 1294 nisi
296 1234 446 1316 quod
509 1256 622 1318 pro
690 1243 830 1300 siue
895 1250 1182 1319 praestat
1245 1263 1362 1304 seu
1429 1244 1710 1307 seribere
1772 1266 1914 1310 cum
1972 1250 2301 1312 Palatinis.

155 1357 354 1437 Quibus
393 1365 641 1447 quidem
687 1368 997 1450 exemplis
1042 1370 1162 1433 iam
1213 1374 1590 1453 praesidium
1637 1386 1923 1457 paratum
1971 1389 2071 1442 est
2117 1382 2297 1442 eius-

151 1490 262 1591 tiem
299 1495 420 1557 iibri
460 1497 516 1559 in
563 1497 907 1561 Trinummi
952 1519 1146 1563 versu
1178 1500 1297 1563 183
1339 1507 1681 1567 memoriae
1726 1525 1785 1568 si
1818 1542 1893 1553 --
1919 1527 2062 1591 sau,
2111 1531 2298 1593 quam

153 1645 266 1691 cum
302 1633 638 1697 tribuerem
682 1634 913 1698 librarii
961 1637 1265 1719 incuriae,
1310 1641 1627 1701 immerito
1652 1641 1927 1724 neglexi.
1976 1647 2298 1726 Suscepto

152 1771 321 1827 autem
360 1772 420 1828 ει·
452 1788 569 1849 pro
615 1772 754 1830 siue
795 1786 940 1831 cum
986 1769 1048 1832 in
1090 1769 1194 1833 illo
1237 1790 1452 1847 versu,
1500 1774 1749 1855 qualem
1774 1776 2293 1841 conformandum

144 1893 295 1979 duxi,
347 1918 462 1963 una
508 1899 768 1982 syllaba
826 1899 1263 1982 desideretur,
1329 1900 1548 1965 durior
1591 1916 1802 1971 autem
1848 1928 1961 1989 pro
2003 1912 2299 1976 Plautina

162 2182 212 2247 *)
240 2186 348 2239 Non
381 2191 481 2240 buc
514 2191 796 2254 pertinere
831 2192 1079 2243 Pseuduli
1115 2193 1159 2257 1,
1195 2195 1253 2254 ὅ,
1291 2192 1401 2242 129
1438 2198 1684 2255 apparet,
1723 2193 1805 2243 ubi
1845 2206 1939 2254 per
1971 2193 2292 2243 sententiam

239 2300 297 2337 ne
338 2290 484 2341 licuit
533 2290 751 2355 quidem
797 2306 897 2342 seu
933 2305 1030 2356 pro
1065 2292 1117 2342 si
1149 2292 1488 2342 substituere.
1558 2292 1759 2341 Eadem
1796 2293 1934 2343 ratio
1972 2292 2155 2343 Pseud.
2193 2293 2293 2356 IV,

239 2393 286 2453 8,
316 2394 364 2443 9.
398 2395 567 2447 Mero.
608 2397 680 2459 ll,
711 2396 767 2458 2,
802 2395 912 2445 40:
956 2406 1133 2457 neque
1169 2390 1308 2444 enim
1344 2393 1398 2442 in
1434 2393 1731 2456 sponsione
1765 2392 1886 2442 siue
1919 2393 2077 2456 siue,
2110 2396 2207 2441 sed
2243 2390 2294 2444 si

237 2492 347 2545 siue
377 2497 555 2546 locum
599 2495 814 2544 habent.
859 2496 965 2543 Sed
1001 2493 1236 2543 eiusdem
1271 2504 1466 2543 scenae
1501 2507 1560 2547 v.
1595 2494 1667 2542 86
1705 2492 2078 2542 oblitteratum
2116 2493 2289 2557 vulgo

226 2595 455 2662 loquendi
492 2613 671 2667 genus
707 2613 772 2649 ex
807 2598 967 2650 ABG
996 2599 1075 2649 sic
1111 2606 1468 2648 revocamus:

482 2708 543 2757 Si
585 2701 780 2755 canum
816 2700 916 2753 seii
951 2703 1087 2752 istuc
1122 2697 1402 2752 rutilumst
1435 2698 1551 2748 siue
1586 2691 1835 2759 mrumst,
1868 2706 2024 2747 amo:

234 2808 311 2858 nbi
358 2810 668 2860 rutilum-rt
713 2821 812 2870 pro
857 2806 1105 2856 rutilum
1152 2804 1203 2855 Α
1245 2801 1525 2864 servavit,
1579 2801 1888 2860 correptum
1940 2798 2115 2845 autem
2162 2798 2287 2845 ante

233 2910 458 2958 vocalem
507 2921 614 2958 seu
664 2905 851 2957 nescio
896 2905 964 2956 an
1012 2918 1121 2955 non
1156 2903 1228 2954 sit
1261 2900 1682 2952 sollicitandum.
1755 2895 1966 2958 Alioqui
2001 2895 2202 2944 licebat
2234 2895 2289 2946 si

227 3017 533 3067 substituere
557 3031 576 3064 ε
636 3027 772 3078 quas
824 3013 961 3063 enim
1012 3013 1113 3061 boc
1167 3021 1342 3073 genus
1396 3005 1696 3055 varietates
1751 3002 2033 3063 admittat,
2091 3001 2285 3049 docere

231 3116 626 3180 Amphitruonis
676 3128 870 3166 versus
906 3115 1003 3179 1V,
1039 3117 1105 3178 3,
1142 3113 1213 3163 15
1250 3126 1330 3175 sq.
1374 3113 1642 3172 possunt,
1693 3107 1773 3157 sic
1818 3105 1919 3155 nisi
1966 3106 2138 3156 fallor
2188 3117 2279 3154 re·

223 3218 455 3273 stituendi
482 3235 499 3272 ε

343 3324 474 3377 Sin
497 3341 530 3377 ε
568 3326 850 3389 ancillam,
887 3322 1048 3376 siue
1080 3336 1315 3385 seruom,
1352 3322 1415 3373 si
1446 3320 1689 3385 uxorem,
1722 3320 1786 3370 si
1816 3318 2143 3377 adulterum,

345 3426 418 3478 si
451 3433 689 3491 patrem,
720 3426 783 3477 si
817 3424 974 3478 auom
1007 3427 1220 3490 uidebo,
1261 3437 1381 3475 eum
1420 3421 1754 3473 obtruncabo
1791 3421 1844 3470 in
1879 3415 2132 3471 aedibus:

226 3527 303 3577 ubl
331 3530 390 3594 [e
425 3530 770 3579 adulterum
810 3528 923 3589 ipse
959 3529 1012 3578 B
1048 3533 1218 3578 tenet.
1291 3529 1436 3576 Vtor
1471 3527 1570 3574 hac
1604 3522 1914 3585 occasione,
1949 3527 2010 3571 ut
2035 3522 2193 3573 etiam
2216 3523 2283 3570 de

220 3632 427 3694 prologi
462 3632 717 3681 versibus
752 3632 862 3680 illis
892 3633 962 3680 69
982 3645 1101 3693 sqq.
1136 3630 1376 3681 breviter
1412 3642 1580 3680 meam
1615 3629 1932 3679 sententiam
1966 3627 2281 3693 significem.

223 3726 449 3793 Quorum
468 3733 929 3783 constructionem
947 3732 1025 3783 sic
1052 3733 1195 3783 inter
1227 3747 1289 3783 se
1324 3733 1592 3784 dlstinctis
1610 3733 2010 3784 enuntiatorum
2032 3730 2284 3781 membris

218 3830 421 3890 planam
462 3837 723 3887 facimus:

471 3943 610 3993 Nam
646 3940 692 3992 si
729 3944 814 4007 qui
849 3944 1131 3996 ambissint
1166 3945 1396 4009 palmam
1435 3946 1520 3996 hic
1555 3944 1940 3997 histrionibus:
1978 3971 2041 3983 -

465 4044 545 4093 Sa·
580 4043 862 4107 quoiquam
903 4047 1097 4097 artifici
1132 4044 1226 4097 seu
1265 4061 1360 4110 per
1392 4047 1626 4108 scriptas
1659 4046 1879 4095 litteras

473 4145 579 4195 Seu
618 4147 706 4208 qui
743 4144 860 4209 ipse
894 4149 1141 4199 ambissit
1172 4145 1272 4199 seii
1311 4162 1406 4211 per
1441 4146 1856 4198 internuntium:

474 4247 649 4297 Siue
682 4245 817 4298 adeo
850 4249 1060 4299 aediles
1094 4245 1381 4313 perfidiose
1417 4246 1539 4311 quoi
1576 4247 1751 4298 duint:
1788 4272 1854 4283 —

470 4349 741 4414 Sirempse
773 4354 948 4418 legem
986 4350 1142 4404 iussit
1175 4366 1295 4402 esse
1332 4347 1582 4415 luppiter.
