2824 4890
2148 367 2377 435 XXIX

177 554 358 618 Trin.
400 572 462 635 p.
508 563 866 617 ccxxxviii
906 547 1163 613 accedit
1204 548 1477 630 denique
1520 548 1664 629 ipsa
1698 551 2056 615 sententiae
2098 551 2380 635 exultas,

178 702 328 748 cnm
374 683 520 746 nihil
566 681 629 743 in
671 689 805 744 toto
850 681 1167 742 versiculo
1208 678 1358 743 insit
1398 679 1568 761 quod
1612 699 1736 743 non
1777 687 1846 743 et
1900 680 2272 745 concinnius
2312 690 2382 747 et

176 819 524 885 nervosius
564 819 624 880 in
667 817 894 881 vicinis
943 815 1177 879 dictum
1223 815 1324 877 sit.

351 985 640 1049 Resecto
685 985 872 1065 igitur
916 1003 1040 1047 uuo
1087 1002 1320 1065 panno,
1368 1002 1495 1067 quo
1537 982 1715 1045 liberi
1763 992 2139 1048 manserunt
2179 985 2382 1050 Pala-

180 1121 331 1183 tiui:
395 1119 542 1181 item
587 1125 838 1181 resecto
884 1119 1084 1179 altero
1112 1160 1133 1197 ,
1177 1134 1301 1197 quo
1344 1114 1805 1177 Ambrosianus
1847 1134 1968 1178 non
2017 1125 2118 1181 est
2162 1118 2383 1181 defor-

183 1261 439 1316 matus:
485 1249 796 1331 reliquum
839 1254 944 1310 est
988 1256 1054 1308 ut
1097 1247 1352 1308 tertium
1398 1261 1871 1326 removeamus,
1939 1246 2040 1328 qui
2091 1247 2382 1311 Plautino

179 1383 373 1448 nitori
425 1382 486 1444 in
547 1380 825 1463 utrisque
883 1379 1194 1444 adhaesit,
1298 1378 1471 1441 Nam
1511 1377 1722 1439 Plauti
1768 1394 1919 1451 esse
1963 1380 2160 1440 etiam
2203 1378 2377 1442 illum

182 1532 532 1599 negamus:

480 1679 969 1764 Confidentiam,
1016 1677 1527 1759 confirmitatem,
1571 1676 2093 1743 fraudulentiam:

188 1850 298 1912 ubi
356 1851 768 1914 accusativos
827 1850 962 1912 libri
1016 1860 1267 1933 praeter
1308 1853 1368 1915 0
1398 1862 1738 1915 servarunt
1782 1871 2022 1916 omnes.
2109 1852 2385 1933 Quaeris
2437 1858 2442 1863 ’

182 1983 294 2066 qui
337 1989 575 2044 tantam
621 1980 824 2045 iudicii
866 1983 1277 2045 severitatem
1323 1992 1517 2065 atque
1558 1981 1722 2046 adeo
1768 1983 2160 2045 atrocitatem
2193 1991 2384 2046 tuea-

182 2110 377 2179 mur‘t'
462 2114 737 2176 Primum
795 2112 967 2195 quod
1026 2123 1156 2176 tam
1221 2124 1479 2177 atroces
1538 2116 1941 2195 septenarios
2006 2113 2069 2175 h.
2113 2135 2169 2181 e.
2217 2116 2383 2178 omni

185 2265 459 2312 caesura
516 2245 860 2310 destitutos
917 2248 1180 2309 Plautus
1239 2266 1362 2309 non
1421 2248 1616 2311 fecit:
1679 2249 1884 2331 quode
1951 2249 2196 2313 eisdem
2267 2246 2430 2315 iuis‘

186 2378 672 2463 prolegomenis
713 2378 946 2442 dietum
992 2388 1097 2441 est
1140 2399 1200 2460 p.
1244 2396 1534 2443 cccxxv.
1571 2398 1668 2460 sq.
1778 2381 2024 2444 Deinde
2071 2382 2238 2465 quod
2280 2383 2385 2447 la·

185 2518 321 2579 tine
361 2518 616 2579 locutus
655 2523 783 2596 est,
828 2534 954 2580 uon
997 2517 1300 2579 barbare:
1346 2518 1697 2596 pessimum
1740 2524 1954 2577 autem
1996 2516 2384 2578 vocabulum

187 2657 583 2734 confir-mitae
618 2652 860 2716 tamdiu
897 2652 1272 2715 habebimus
1306 2649 1629 2732 quamdiu,
1677 2650 1908 2731 quibus
1945 2650 2094 2715 illud
2126 2650 2386 2733 placuit,

185 2790 491 2872 exempla
532 2809 659 2852 non
702 2787 1070 2870 protulerint
1115 2789 1457 2864 confir-mus
1500 2780 1828 2847 adiectivi.

364 2955 657 3019 Nuueine
697 2954 913 3036 igitur,
958 2954 1059 3036 qui
1102 2962 1249 3015 octo
1297 2951 1493 3015 relicti
1535 2960 1681 3014 sunt
1725 2972 1808 3016 ex
1851 2952 2141 3017 undecim
2172 2955 2389 3019 versi-

185 3092 344 3171 buS,
389 3098 566 3152 recte
613 3108 688 3152 se
729 3085 1012 3152 habent?
1057 3089 1204 3152 Non
1248 3090 1336 3150 ita
1378 3107 1556 3151 vero.
1601 3091 1771 3154 Nam
1817 3093 1980 3173 quod
2007 3089 2390 3174 saepissime
2461 3098 2465 3102 '

186 3225 366 3305 alibi,
412 3223 473 3286 id
514 3224 616 3286 bic
659 3242 911 3305 quoque
957 3222 1188 3287 factum
1237 3233 1365 3305 est,
1417 3232 1482 3285 ut
1527 3221 1605 3286 ad
1654 3224 1990 3286 verborum
2032 3226 2388 3286 senteutia-

188 3375 463 3438 rumque
526 3357 1068 3437 interpolationem
1123 3355 1466 3419 accederet
1523 3354 1759 3436 pristini
1815 3355 2055 3416 ordinis
2099 3354 2392 3419 turbatio.

188 3492 293 3551 Ac
336 3490 602 3570 primum
646 3488 898 3570 quidem
939 3495 1229 3568 apertum
1276 3495 1380 3548 est
1423 3506 1549 3548 non
1589 3503 1710 3548 suo
1759 3488 1896 3549 loco
1923 3488 2094 3549 illum
2128 3503 2390 3550 versum

185 3620 468 3703 positum
514 3637 665 3682 esse
708 3619 839 3696 Qui
882 3626 1118 3698 arque!
1153 3640 1225 3680 ee
1264 3661 1281 3679 .
1325 3661 1344 3680 .
1390 3662 1409 3681 .
1451 3640 1517 3681 .:
1580 3637 1768 3701 quem
1826 3624 1970 3702 ipsa
2027 3622 2390 3705 argumenti

182 3751 629 3832 propinquitas
670 3769 812 3813 eum
854 3768 921 3811 v.
963 3748 1041 3811 31
1082 3760 1148 3812 et
1177 3749 1263 3811 32
1302 3749 1530 3815 sociat.
1614 3750 1965 3815 Praeterea
2007 3770 2385 3833 perversum

186 3902 348 3948 esse
405 3889 671 3966 apparet
712 3886 781 3946 in
840 3883 970 3946 fine
1026 3883 1277 3945 demum
1322 3883 1624 3964 subsequi
1671 3886 2202 3966 comparationem
2249 3903 2392 3948 cum

180 4016 377 4080 horto
420 4026 487 4077 et
529 4013 943 4079 condimentis
988 4015 1245 4094 factam,
1294 4014 1684 4097 praecedere
1726 4023 1936 4077 autem
1983 4034 2061 4077 ea
2103 4033 2270 4098 quae
2311 4016 2393 4079 ad

179 4168 335 4212 eam
375 4148 581 4232 ipsam
626 4151 1162 4231 comparationem
1205 4149 1293 4212 ita
1334 4156 1654 4229 spectant,
1702 4133 1769 4210 ut
1812 4147 1955 4210 hinc
1983 4146 2229 4211 demum
2263 4149 2393 4212 vim

181 4296 255 4351 et
298 4287 506 4349 lucem
534 4284 905 4365 accipiantz
961 4282 1065 4347 illa
1109 4281 1379 4346 dicimus
1423 4279 1684 4362 qulbus,
1733 4296 1902 4360 quae
1941 4280 2072 4343 siut
2111 4281 2393 4346 mulieris
