2824 4890
449 353 938 421 cchxxvm

462 542 831 617 comparata
867 549 1018 596 esse
1061 538 1133 592 ut
1172 528 1375 592 thesis
1417 523 1735 609 dactylica
1772 541 1898 586 non
1943 520 2152 604 possit
2189 518 2317 584 ullo
2361 518 2556 582 modo
2578 518 2662 582 ab

460 667 559 730 eis
598 682 766 748 quae
828 660 1216 745 praecedunt,
1271 658 1504 723 divelli,
1600 653 1969 736 liliusmodig·
1992 654 2161 718 haec
2212 662 2369 716 sunt
2413 673 2475 718 v.
2523 651 2666 715 95⁴.

464 797 660 862 1⁰54:

634 917 758 992 'Au
815 928 921 991 ille
976 938 1105 990 tam
1163 934 1344 989 esset
1397 920 1675 1003 stultus,
1739 920 1848 1003 qui
1905 921 2067 982 mim
2119 913 2294 982 mille
2346 935 2664 980 nummum

1974 1049 2287 1115 crederet.

545 1243 552 1250 .
632 1190 782 1257 Hoc
818 1196 925 1275 qui
968 1193 1030 1254 iu
1073 1199 1348 1254 mentem
1392 1186 1640 1252 uenerit
1683 1189 1878 1264 mihi,
1941 1184 2015 1248 re
2054 1186 2479 1248 commonitus
2520 1179 2666 1247 siim

1999 1316 2210 1380 modo.

472 1461 762 1540 Quorum
824 1459 1145 1541 posterius
1202 1457 1496 1538 asperius
1550 1465 1653 1518 est
1706 1453 1946 1534 priorex
2009 1469 2154 1512 uam
2228 1450 2293 1510 in
2361 1448 2493 1511 hoc
2543 1445 2667 1509 etsi

468 1594 633 1654 milei
672 1575 797 1654 non
842 1600 1061 1674 potest
1102 1608 1264 1653 sane
1309 1609 1433 1651 nou
1489 1586 1784 1668 coniungi
1827 1602 1976 1646 cum
2017 1587 2160 1663 qui,
2229 1580 2397 1643 idem
2453 1589 2666 1643 tamen

474 1724 667 1786 etiam
711 1724 791 1786 ad
846 1722 1245 1802 insequentia
1299 1720 1604 1800 pertinet:
1662 1727 1885 1790 contra
1936 1716 1997 1777 in
2053 1715 2251 1776 altero
2309 1731 2450 1775 cum
2511 1714 2667 1776 sol‘n

466 1857 867 1938 praegressis
908 1855 1068 1914 milei
1100 1871 1331 1914 nexum
1379 1859 1509 1930 est,
1551 1850 1631 1911 ab
1675 1849 1771 1910 eis
1811 1864 1975 1929 quae
2013 1852 2366 1926 sequuntur
2405 1862 2666 1924 prorsus

345 1993 357 2005 '
472 1984 870 2066 diremptum.
915 1988 1139 2067 ltaque
1166 1981 1333 2045 haud
1375 1987 1517 2045 scio
1562 2001 1645 2044 an
1693 2000 1816 2043 non
1858 1980 2021 2042 satis
2067 1976 2462 2040 confidenter
2509 1977 2667 2040 hanc

470 2116 1022 2196 transpositionem
1068 2114 1404 2176 verborum

640 2243 792 2332 Hdc
833 2248 939 2326 qui
982 2243 1229 2308 uenerit
1282 2247 1368 2308 mi
1410 2249 1478 2306 in
1532 2254 1830 2326 mentem,
1876 2266 1923 2309 r.
1969 2262 2027 2307 c.
2071 2262 2124 2306 s.
2164 2264 2243 2305 m.

477 2383 723 2440 tantum
776 2379 836 2439 in
891 2380 1299 2440 annotatione
1351 2376 1759 2443 laudaverim.
1823 2378 2042 2460 Magis
2086 2379 2305 2440 haeret
2344 2377 2429 2440 de
2473 2380 2667 2443 altero

475 2528 672 2574 versu
727 2511 1058 2576 iudicium:
1115 2511 1223 2594 qui
1281 2512 1403 2572 etsi
1462 2501 1789 2586 lenissima
1850 2509 2194 2571 mutatione
2237 2509 2321 2575 ad
2346 2512 2668 2573 usitatam

472 2644 966 2706 concinnitatem
1006 2642 1101 2705 sic
1143 2649 1518 2704 revocatur:

643 2765 766 2839 'An
807 2778 908 2839 ille
954 2787 1083 2839 tam
1128 2787 1306 2840 esset
1333 2775 1599 2858 stultus,
1641 2779 1803 2837 milei
1828 2781 1939 2857 qm·
1980 2794 2058 2841 m.
2088 2794 2147 2837 u.
2191 2797 2270 2854 α,

475 2921 690 2975 tamen
735 2921 865 2974 tam
925 2911 1096 2973 exile
1152 2911 1277 2974 hoc
1338 2912 1735 2991 potissimum
1778 2913 1941 2971 milei
1993 2928 2339 2992 pronomen
2397 2922 2531 2992 est,
2574 2925 2668 2993 ut,

478 3041 878 3103 etiamsinon
916 3041 1317 3118 scribendum
1360 3044 1446 3105 sit
1486 3048 1578 3104 mi
1614 3053 1764 3105 ante
1808 3054 2285 3126 consonantem,
2333 3055 2547 3108 tamen
2588 3045 2674 3109 ad

477 3172 955 3253 monosyllabae
1005 3174 1529 3253 pronuntiationis
1583 3176 1979 3257 rapiditatem
2017 3177 2306 3257 proxime
2349 3175 2675 3240 accedens

476 3303 593 3367 vix
656 3304 991 3387 quicquam
1043 3305 1371 3368 molestiae
1414 3308 1678 3370 auribus
1722 3308 1953 3371 afferre
2000 3306 2312 3372 videatur.
2365 3305 2557 3386 Quod
2602 3316 2677 3369 ut

473 3438 742 3501 centiam
784 3436 909 3500 alia
935 3456 1037 3499 me
1063 3436 1290 3499 similia
1321 3440 1613 3519 exempla
1643 3448 1901 3501 movent
1940 3446 2008 3499 ut
2051 3439 2281 3502 Bacch.
2324 3437 2471 3500 505.
2515 3439 2673 3501 679:

644 3573 828 3637 cena
870 3573 1074 3637 detur.
1143 3573 1294 3638 Non
1344 3576 1549 3657 placet
1592 3579 1751 3638 milei
1790 3576 1950 3640 cena
1992 3595 2156 3659 quae
2199 3575 2390 3639 bile'm
2439 3587 2676 3641 mouet.

646 3700 815 3782 Quid
832 3724 998 3768 nunc
1025 3724 1100 3768 es
1124 3703 1417 3770 facturus
1436 3703 1473 3768 ’ἑ
1495 3707 1557 3770 id
1582 3711 1742 3770 milei
1773 3706 1934 3772 dice.
1962 3709 2301 3773 Coctumst
2322 3709 2676 3791 prandium.

476 3834 723 3898 Verum
792 3845 1045 3916 praeter
1107 3839 1272 3903 hanc
1342 3841 1482 3903 aliis
1542 3843 2068 3905 excusationibus
2134 3844 2344 3906 locum
2413 3843 2679 3908 conce&

478 3987 676 4053 nego.
743 3968 951 4034 Valde
1004 3972 1289 4035 insolens
1346 3984 1451 4036 est
1506 3994 1570 4036 v.
1628 3974 1756 4037 935
1811 3976 1914 4040 his
1972 3976 2309 4039 verborum
2352 3978 2683 4044 ordiniboe

474 4080 558 4150 ·-'-
592 4133 662 4165 ω
697 4103 710 4184 Ι
743 4135 813 4167 ψ
855 4101 1184 4184 dispestus
1223 4105 1286 4167 in
1330 4117 1559 4187 quarto
1598 4107 1765 4189 pede
1810 4106 2137 4190 dactylust

643 4232 766 4298 Sit
806 4235 908 4297 ubi
952 4235 1340 4312 apsinthium
1381 4236 1456 4300 fit
1493 4246 1684 4321 atque
1720 4235 1935 4303 cunila
1967 4236 2351 4322 gallinaoea.
