2824 4890
445 318 833 382 chxxxn

444 512 673 564 natura
718 498 867 560 illud
914 499 1149 581 pariter
1190 505 1383 579 atque
1426 499 1487 559 in
1532 498 1695 559 uelis
1739 502 1833 558 eis
1876 499 2010 557 edis
2053 499 2200 559 duis
2243 518 2422 558 ames
2467 500 2652 574 leque

444 634 621 711 leyes
661 633 942 710 leqeres,
1006 639 1200 713 atque
1261 630 1425 691 adeo
1483 631 1543 691 in
1606 631 1833 711 loquar
1872 650 2081 691 morer
2141 631 2338 712 repeti
2381 639 2449 691 et
2495 631 2658 692 ratio

443 767 617 849 cogit
661 772 728 827 et
769 763 1521 861 productae‘dioeer'e'mm
1560 764 1862 822 dixeritis
1922 762 2162 825 formae
2217 763 2436 824 iubent
2481 765 2658 825 anti-

444 898 700 976 quitatis
746 897 1055 977 propriae.
1143 895 1290 956 Nec
1330 893 1810 975 productionem
1856 895 2068 975 potius
2109 902 2137 954 t
2174 895 2384 956 littera
2431 893 2659 958 finitae

443 1030 677 1091 breves
723 1029 1032 1109 syllabae,
1081 1033 1268 1107 quam
1300 1028 1449 1088 item
1480 1026 1763 1107 primitus
1795 1025 2146 1106 productae
2180 1028 2659 1107 correptionem

455 1178 689 1239 passae
734 1170 902 1222 sunt.
990 1162 1160 1222 Nam
1209 1160 1328 1221 uisi
1375 1177 1516 1221 mea
1566 1179 1667 1220 me
1713 1159 2082 1220 coniectura
2127 1158 2231 1219 vel
2289 1159 2501 1238 potius
2549 1177 2663 1219 ra-

448 1292 776 1353 tiocinatio
819 1291 1006 1369 fallit,
1052 1291 1246 1371 idem,
1296 1291 1461 1370 quod
1508 1294 1573 1353 in
1618 1292 1878 1371 primam
1927 1298 1992 1353 et
2037 1289 2417 1368 secundam,
2461 1290 2660 1352 etiam

453 1427 511 1486 in
558 1430 807 1488 tertiam
853 1445 1187 1507 personam
1234 1428 1788 1490 coniunctivorum
1839 1426 2024 1489 cadit.
2128 1425 2321 1487 Vnde
2379 1424 2662 1488 efficitur

449 1557 644 1619 multo
703 1558 887 1621 latius
932 1568 1187 1640 patere,
1251 1560 1422 1643 quod
1469 1581 1590 1622 non
1635 1576 1900 1641 prorsus
1958 1557 2123 1641 fugit
2175 1563 2661 1638 grammaticoS‚

453 1698 523 1750 ut
582 1688 889 1770 Boppium
950 1690 1237 1754 Gramm.
1296 1711 1572 1771 compar.
1627 1710 1684 1772 p·
1737 1689 1867 1752 928
1910 1708 2045 1772 sqq.
2106 1699 2173 1749 et
2232 1686 2312 1750 G.
2361 1687 2662 1751 Curtium

447 1831 730 1883 nostrum
779 1822 858 1882 de
906 1823 1152 1886 format.
1201 1831 1393 1900 temp.
1440 1831 1503 1883 et
1548 1820 1789 1884 mador.
1834 1841 1892 1902 p.
1938 1822 2066 1883 259
2108 1837 2276 1900 sqq.:
2339 1819 2662 1900 legem-

452 1970 608 2034 que
665 1962 1198 2016 constantem
1261 1954 1868 2016 formandorum
1931 1954 2662 2015 coniunctivorum

455 2089 797 2148 omnium
860 2085 1026 2148 hanc
1082 2086 1323 2167 fuisse,
1366 2093 1438 2146 ut
1480 2085 1721 2166 origine
1763 2104 1884 2146 sua
1926 2087 2118 2167 longa
2168 2085 2378 2154 vocali
2424 2082 2663 2146 flerent

454 2212 671 2291 (cuius
715 2215 1028 2294 primitiva
1069 2215 1328 2295 species
1373 2232 1495 2274 non
1542 2212 1952 2275 dubitandum
1986 2213 2132 2292 quin
2161 2214 2462 2295 {fuci-it),
2511 2217 2663 2277 sive

445 2361 586 2405 eam
624 2344 915 2407 vocalem
961 2367 995 2406 ε
1039 2344 1247 2405 littera
1288 2343 1433 2404 sive
1476 2364 1512 2403 r
1555 2343 1701 2404 sive
1742 2351 1770 2403 t
1809 2348 1955 2405 sive
1995 2365 2055 2405 m
2095 2344 2477 2424 excipiebat:
2531 2345 2657 2407 de-

447 2493 638 2537 cursu
703 2486 917 2538 autem
981 2475 1282 2555 temporis
1337 2475 1591 2536 demum
1651 2474 1886 2536 factum
1935 2493 2139 2555 esse,
2209 2485 2275 2537 ut
2340 2488 2656 2541 servatae

446 2611 771 2674 etiamtum
820 2612 1023 2674 Plauti
1067 2620 1279 2674 aetate
1323 2614 1550 2692 longae
1613 2612 1860 2672 vocalis
1916 2614 2228 2691 correptio
2289 2613 2376 2675 ita
2434 2617 2659 2675 incre-

445 2744 795 2825 bresceret,
839 2758 904 2808 ut
948 2756 1095 2827 post
1138 2749 1428 2811 Plautina
1472 2760 1755 2830 tempora
1809 2750 1867 2809 in
1915 2757 2125 2808 certae
2169 2748 2654 2812 consuetudinis

449 2877 867 2937 constantiam
915 2878 1054 2957 ipsa
1099 2877 1378 2938 brevitas
1426 2878 1670 2957 abiret,
1740 2896 1954 2938 earum
2013 2894 2424 2957 personarum
2485 2894 2658 2956 quae

447 3007 505 3068 in
551 3028 611 3068 m
661 3017 725 3069 et
767 3030 803 3069 r
847 3017 909 3070 et
955 3017 983 3069 t
1023 3017 1259 3071 exeunt
1318 3009 1705 3071 communis:
1764 3027 1890 3069 una
1948 3008 2110 3069 enim
2169 3030 2203 3069 ε
2265 3010 2651 3087 correptioni

451 3157 706 3222 semper
749 3143 995 3204 restitit.
1094 3144 1409 3227 Exempla
1470 3145 1696 3206 tertiae
1750 3162 2067 3226 personae
2124 3142 2324 3204 habes
2382 3143 2654 3222 primum

446 3276 534 3333 sit
578 3274 754 3337 Asin.
801 3291 899 3355 w,
955 3275 1013 3354 1,
1067 3273 1155 3335 17.
1209 3275 1378 3334 Men.
1424 3291 1496 3353 v,
1541 3273 1603 3354 7,
1649 3274 1750 3334 55.
1802 3274 1935 3334 Mil.
1982 3292 2051 3353 ιι,
2094 3273 2158 3353 2,
2201 3271 2287 3334 87
2346 3277 2526 3346 (nam
2573 3270 2658 3333 de

446 3412 682 3474 Bacch.
728 3431 774 3496 ι,
819 3412 882 3493 2,
925 3410 1011 3474 32
1054 3410 1359 3493 pet-dubia
1407 3413 1572 3480 res):

622 3579 730 3641 Ne
773 3577 1065 3659 epistula
1095 3582 1349 3665 quidem
1395 3584 1480 3645 illi
1529 3578 1659 3645 ulla
1701 3589 1787 3645 sit
1826 3587 1890 3646 in
1938 3582 2224 3647 aedibus.

612 3708 721 3773 Νό
764 3721 917 3793 tum,
961 3715 1211 3796 quando
1251 3714 1451 3779 sanus
1482 3718 1697 3781 factus
1724 3719 1835 3801 sit,
1879 3741 1919 3783 a
1950 3741 2051 3783 me
2078 3716 2414 3804 argentum
2450 3730 2649 3802 petat.

610 3826 745 3921 'Vt‚
789 3841 844 3901 si
894 3841 1078 3904 illanc
1122 3841 1620 3909 concriminatus
1662 3848 1750 3909 set
1790 3846 2128 3911 aduersum
2179 3845 2456 3913 militem.

448 3990 807 4053 Werissime
848 3995 1011 4054 enim
1061 3995 1471 4059 observatum
1519 4008 1622 4060 est
1665 4019 1985 4079 nunquam
2032 3999 2156 4061 siet
2211 4000 2478 4061 formam
2535 4016 2655 4063 ac·-

447 4130 698 4185 centum
744 4122 975 4186 habere
1016 4127 1074 4185 in
1123 4130 1547 4207 paenultima:
1614 4132 1795 4193 cuius
1841 4133 1931 4194 rei
1980 4133 2202 4193 melius
2244 4132 2369 4193 iam
2416 4150 2658 4195 caussa

456 4262 521 4313 et
574 4255 734 4315 ratio
779 4258 1210 4337 perspicietur.
1299 4261 1448 4321 Non
1508 4262 1717 4343 magis
1778 4261 1836 4322 id
1889 4262 2043 4342 ficut
2096 4270 2161 4322 et
2219 4264 2360 4323 duit
2411 4262 2656 4324 forma·
