2824 4890
2166 357 2318 422 mn

165 529 269 592 Bc
297 537 578 610 receptas
618 544 769 591 esse
805 530 1162 612 scripturas
1201 531 1561 616 significem
1606 553 1643 595 a
1676 535 1947 616 priorum
1976 534 2320 603 editionum

160 662 428 723 memoria
490 660 590 741 (h.
635 683 691 725 e.
748 663 856 726 ubi
906 683 1031 726 nou
1089 673 1295 728 testor
1353 664 1558 744 aliud,
1615 685 1657 728 a
1700 670 1797 745 Ζ)
1858 666 2314 752 discrepantes,

153 790 388 854 indidem
412 795 775 875 plerumque
803 795 924 858 iam
952 794 1390 859 camerarium
1420 799 1819 879 reposuisse:
1868 800 1933 862 id
1959 801 2126 882 quod
2154 824 2314 885 ope-

152 944 245 986 rae
283 925 535 1005 pretium
583 945 707 987 uon
749 925 900 989 duxi
944 928 1213 1011 singulis
1254 929 1417 992 locis
1458 931 1798 994 inculcare.
1848 933 1997 995 Non
2046 935 2310 998 multum

151 1056 471 1120 emendatio
514 1057 766 1140 quidem
812 1059 1020 1123 Plauti
1066 1071 1213 1142 post
1236 1061 1668 1126 Camerarium
1716 1066 1990 1146 profecit
2024 1067 2127 1128 vel
2156 1086 2313 1148 pro-

148 1189 303 1253 babili
342 1193 672 1256 enarrandi
718 1193 1023 1258 industria
1066 1194 1371 1258 Friderici
1405 1196 1848 1276 ΤΑνΒΜΑΝΜ,
1895 1197 2000 1257 vel
2041 1198 2312 1277 impigro

146 1320 372 1403 Philippi
410 1324 638 1386 PAnm
680 1324 935 1405 labore,
993 1333 1273 1389 ceterum
1314 1324 1595 1386 iudicare
1634 1325 2021 1406 nescientis,
2079 1325 2141 1386 in
2186 1344 2313 1387 ex·-

150 1453 408 1519 cutieudis
451 1455 639 1518 libris
664 1455 969 1519 Palatinis
1015 1468 1419 1537 consumpto,
1462 1459 1570 1519 vel
1613 1456 2026 1521 immoderata
2069 1457 2315 1521 rixandi

147 1586 635 1670 moviciandique
680 1586 1031 1669 cupiditate
1072 1588 1212 1649 Iani
1256 1582 1607 1669 Gan-ram,
1673 1604 1797 1668 qua
1846 1605 1925 1649 ne
1967 1588 2113 1650 illud
2160 1590 2308 1672 qui-

141 1720 253 1783 dem
295 1723 594 1787 effectum
642 1732 744 1786 est
785 1734 894 1800 ut,
958 1725 1108 1806 quid
1169 1724 1422 1788 taudem
1483 1727 1544 1788 in
1589 1727 1895 1790 Palatinis
1956 1728 2303 1814 legeretur,

136 1857 221 1917 vel
257 1866 420 1921 recte
461 1859 575 1921 vel
624 1858 812 1938 plene
858 1871 1385 1942 cognosceretur.
1471 1860 1681 1925 Cuius
1725 1864 2156 1928 altercationis
2200 1864 2306 1927 hi-

129 1997 350 2060 storiam
390 2000 497 2080 qui
543 1998 784 2061 talibus
826 1997 1223 2062 delectantur
1266 2020 1352 2063 ex
1392 2000 1489 2062 eis
1530 2008 1752 2082 petere
1792 2011 2090 2084 poterunt
2133 2024 2301 2088 quae

130 2127 197 2191 de
234 2132 371 2194 crisi
412 2132 508 2195 Pl.
555 2152 598 2194 a
642 2151 702 2213 p.
745 2132 871 2194 552
911 2130 992 2193 ad
1037 2131 1157 2195 561
1206 2133 1627 2196 narravimus.
1710 2135 1979 2198 Praeter
2022 2136 2302 2199 editores

124 2270 300 2325 autem
343 2267 445 2348 qui
492 2265 608 2327 illa
649 2273 863 2327 aetate
905 2283 1138 2348 magno
1180 2283 1378 2348 grege
1435 2266 1638 2329 critici
1692 2267 1774 2329 ad
1820 2266 2296 2349 perpoliendum

124 2398 375 2463 Plautum
418 2398 711 2482 undique
757 2398 1215 2478 convolarunt,
1264 2417 1482 2463 eorum
1524 2401 1755 2469 nullam
1803 2399 2053 2463 laudem
2101 2402 2296 2465 loan-

123 2550 215 2594 nes
254 2534 617 2599 Msvaslvs
660 2538 927 2597 meruit:
986 2535 1093 2596 vel
1137 2533 1439 2617 exiguam
1481 2533 1590 2596 vel
1631 2530 2010 2596 mediocrem
2060 2533 2295 2597 Adria-

119 2683 215 2727 nus
241 2669 638 2749 Tvasnsvs,
683 2670 815 2731 lani
862 2670 1141 2732 DovsAn
1182 2676 1365 2749 pater
1406 2677 1473 2731 et
1514 2669 1708 2750 filius,
1755 2667 2004 2749 Caspar
2044 2667 2295 2731 scrop-

120 2815 265 2881 rrvs,
303 2804 517 2865 Iustus
571 2800 873 2880 stlvs,
923 2799 1236 2863 Mellerus
1264 2800 1696 2864 Panmnivs:
1741 2799 2042 2862 maiorem
2083 2799 2292 2861 IAnvs

122 2926 525 2999 vanuvsz
588 2932 929 2994 maximam
989 2940 1182 3012 atque
1235 2931 1399 2995 adeo
1444 2933 1740 2997 eximiam
1788 2934 2071 2996 VAnsns
2114 2936 2287 2998 Am-

124 3078 362 3150 nauvs,
402 3086 773 3150 quanquam
820 3084 941 3129 nec
981 3074 1319 3128 metrorum
1365 3066 1634 3130 scientia
1678 3066 1942 3147 velena,
1995 3083 2116 3146 qua
2155 3073 2285 3127 tum

121 3215 277 3263 mmo
309 3205 470 3265 satis
513 3203 876 3264 instructus
920 3208 1079 3277 erat,
1118 3217 1238 3262 nec
1270 3198 1682 3263 Camerariae
1724 3199 2018 3262 editionis
2061 3209 2284 3264 aucto-

116 3328 329 3396 ritatem
373 3346 785 3415 perspectam
830 3330 1094 3414 liabens,
1140 3352 1375 3415 magno
1421 3333 1485 3397 id
1529 3334 1908 3397 detrimento
1950 3354 2088 3397 suo.
2136 3335 2286 3399 Dixi

113 3461 180 3525 do
215 3485 301 3549 eo,
345 3469 465 3532 sed
508 3468 800 3530 fortasse
842 3487 968 3530 non
1010 3469 1172 3532 satis
1214 3468 1583 3562 honorifice,
1625 3470 1660 3534 l.
1704 3488 1758 3532 s.
1803 3489 1859 3533 s.
1898 3491 1960 3553 p.
2000 3471 2157 3553 505,
2202 3474 2283 3537 de

114 3594 378 3681 Scioppio
417 3622 479 3682 p.
524 3602 689 3682 544,
748 3601 830 3662 de
876 3601 1113 3664 Densis
1155 3621 1216 3682 p.
1258 3599 1422 3684 534,
1463 3601 1545 3664 de
1585 3604 1874 3667 Meursio
1914 3625 1975 3687 p.
2020 3606 2144 3670 498
2183 3626 2281 3691 sq.

112 3727 343 3795 Praeter
384 3734 610 3797 borum
667 3751 853 3796 curas
905 3731 1148 3815 pridem
1211 3732 1420 3796 editas
1476 3734 1755 3798 ineditae
1813 3736 1959 3800 mihi
2017 3749 2278 3820 praesto

105 3856 331 3926 ruerunt
370 3865 779 3946 scansam,
830 3864 1203 3947 Sasu-asu,
1258 3866 1518 3929 Dousae
1571 3875 1637 3929 et
1689 3869 2275 3933 fortassealiorum

109 3987 484 4053 coniecturae
538 3995 600 4056 in
644 3994 1097 4073 impressorum
1154 3993 1549 4076 quorundam
1594 3997 2060 4076 exemplorum,
2116 4015 2281 4078 quae

107 4106 414 4184 Leidensis
492 4117 864 4184 bibliotheca
935 4129 1207 4199 servat,
1284 4123 1668 4206 marginibus
1735 4122 2116 4201 scriptorum
2168 4121 2272 4194 ειθ’).

133 4247 191 4315 *J
221 4253 421 4308 Similia
469 4260 713 4332 exempla
761 4260 1110 4330 bibliothecae
1147 4264 1576 4332 Ambrosianus,
1626 4266 1721 4314 sed
1762 4276 1900 4330 quae
1936 4271 2143 4316 tantum
2179 4267 2232 4318 ln

225 4342 501 4408 maerim,
533 4348 824 4398 memoravi
861 4350 1086 4415 Parerg.
1122 4363 1158 4413 ι,
1194 4363 1244 4412 p.
1281 4347 1415 4400 400.
