<?xml version="1.0" encoding="UTF-8"?>
<!DOCTYPE html PUBLIC "-//W3C//DTD XHTML 1.0 Transitional//EN"
    "http://www.w3.org/TR/xhtml1/DTD/xhtml1-transitional.dtd">
<html xmlns="http://www.w3.org/1999/xhtml" xml:lang="en" lang="en">
 <head>
  <title>
</title>
<meta http-equiv="Content-Type" content="text/html;charset=utf-8" />
  <meta name='ocr-system' content='tesseract 3.04.00' />
  <meta name='ocr-capabilities' content='ocr_page ocr_carea ocr_par ocr_line ocrx_word'/>
</head>
<body>
  <div class='ocr_page' id='page_1' title='image "./tmacciplauticom03ritsgoog_0206.png"; bbox 0 0 2824 4890; ppageno 0'>
   <div class='ocr_carea' id='block_1_1' title="bbox 488 357 774 421">
    <p class='ocr_par' dir='ltr' id='par_1_1' title="bbox 488 357 774 421">
     <span class='ocr_line' id='line_1_1' title="bbox 488 357 774 421; baseline -0.017 0"><span class='ocrx_word' id='word_1_1' title='bbox 488 357 774 421; x_wconf 74' lang='lat' dir='ltr'><strong>cxcv}</strong></span> 
     </span>
    </p>
   </div>
   <div class='ocr_carea' id='block_1_2' title="bbox 448 536 2712 3264">
    <p class='ocr_par' dir='ltr' id='par_1_2' title="bbox 448 536 2712 3264">
     <span class='ocr_line' id='line_1_2' title="bbox 484 536 2698 630; baseline 0 -28"><span class='ocrx_word' id='word_1_2' title='bbox 484 551 742 622; x_wconf 80' lang='lat' dir='ltr'><strong>vantur,</strong></span> <span class='ocrx_word' id='word_1_3' title='bbox 793 551 858 604; x_wconf 89' lang='lat' dir='ltr'><strong>ut</strong></span> <span class='ocrx_word' id='word_1_4' title='bbox 904 541 963 602; x_wconf 91' lang='lat' dir='ltr'><strong>in</strong></span> <span class='ocrx_word' id='word_1_5' title='bbox 1007 537 1397 602; x_wconf 87' lang='lat' dir='ltr'><strong>tetrametris</strong></span> <span class='ocrx_word' id='word_1_6' title='bbox 1441 538 1752 617; x_wconf 85' lang='lat' dir='ltr'><strong>omnibus,</strong></span> <span class='ocrx_word' id='word_1_7' title='bbox 1807 536 1969 630; x_wconf 83' lang='lat' dir='ltr'><strong>nihil</strong></span> <span class='ocrx_word' id='word_1_8' title='bbox 1998 537 2371 601; x_wconf 84' lang='lat' dir='ltr'><strong>offensionis</strong></span> <span class='ocrx_word' id='word_1_9' title='bbox 2416 542 2525 602; x_wconf 86' lang='lat' dir='ltr'><strong>vel</strong></span> <span class='ocrx_word' id='word_1_10' title='bbox 2553 541 2698 603; x_wconf 86' lang='lat' dir='ltr'><strong>hia-</strong></span> 
     </span>
     <span class='ocr_line' id='line_1_3' title="bbox 485 671 2704 755; baseline -0.002 -16"><span class='ocrx_word' id='word_1_11' title='bbox 485 689 590 739; x_wconf 89' lang='lat' dir='ltr'><strong>tus</strong></span> <span class='ocrx_word' id='word_1_12' title='bbox 635 677 739 738; x_wconf 89' lang='lat' dir='ltr'><strong>vel</strong></span> <span class='ocrx_word' id='word_1_13' title='bbox 784 677 843 736; x_wconf 91' lang='lat' dir='ltr'><strong>in</strong></span> <span class='ocrx_word' id='word_1_14' title='bbox 887 676 1014 737; x_wconf 87' lang='lat' dir='ltr'><strong>arsi</strong></span> <span class='ocrx_word' id='word_1_15' title='bbox 1062 675 1311 755; x_wconf 85' lang='lat' dir='ltr'><strong>syllaba</strong></span> <span class='ocrx_word' id='word_1_16' title='bbox 1359 690 1599 752; x_wconf 88' lang='lat' dir='ltr'><strong>anceps</strong></span> <span class='ocrx_word' id='word_1_17' title='bbox 1647 671 1864 750; x_wconf 87' lang='lat' dir='ltr'><strong>habet,</strong></span> <span class='ocrx_word' id='word_1_18' title='bbox 1913 673 2146 753; x_wconf 88' lang='lat' dir='ltr'><strong>qnippe</strong></span> <span class='ocrx_word' id='word_1_19' title='bbox 2191 677 2256 735; x_wconf 90' lang='lat' dir='ltr'><strong>in</strong></span> <span class='ocrx_word' id='word_1_20' title='bbox 2298 676 2549 735; x_wconf 87' lang='lat' dir='ltr'><strong>exitum</strong></span> <span class='ocrx_word' id='word_1_21' title='bbox 2594 694 2704 736; x_wconf 85' lang='lat' dir='ltr'><strong>or-</strong></span> 
     </span>
     <span class='ocr_line' id='line_1_4' title="bbox 491 806 2703 889; baseline -0.001 -20"><span class='ocrx_word' id='word_1_22' title='bbox 491 806 655 869; x_wconf 80' lang='lat' dir='ltr'><strong>dinis</strong></span> <span class='ocrx_word' id='word_1_23' title='bbox 703 806 1041 889; x_wconf 79' lang='lat' dir='ltr'><strong>rhythmici</strong></span> <span class='ocrx_word' id='word_1_24' title='bbox 1086 806 1404 867; x_wconf 83' lang='lat' dir='ltr'><strong>incidens:</strong></span> <span class='ocrx_word' id='word_1_25' title='bbox 1466 815 1686 867; x_wconf 88' lang='lat' dir='ltr'><strong>contra</strong></span> <span class='ocrx_word' id='word_1_26' title='bbox 1733 806 1789 866; x_wconf 91' lang='lat' dir='ltr'><strong>in</strong></span> <span class='ocrx_word' id='word_1_27' title='bbox 1835 807 2063 867; x_wconf 76' lang='lat' dir='ltr'><strong>senarii</strong></span> <span class='ocrx_word' id='word_1_28' title='bbox 2109 806 2354 868; x_wconf 87' lang='lat' dir='ltr'><strong>iambici</strong></span> <span class='ocrx_word' id='word_1_29' title='bbox 2398 823 2703 879; x_wconf 79' lang='lat' dir='ltr'><strong>caesura,</strong></span> 
     </span>
     <span class='ocr_line' id='line_1_5' title="bbox 488 915 2707 1022; baseline -0.001 -19"><span class='ocrx_word' id='word_1_30' title='bbox 488 949 558 1003; x_wconf 89' lang='lat' dir='ltr'><strong>ut</strong></span> <span class='ocrx_word' id='word_1_31' title='bbox 602 942 872 1022; x_wconf 88' lang='lat' dir='ltr'><strong>quaein</strong></span> <span class='ocrx_word' id='word_1_32' title='bbox 932 915 1203 1000; x_wconf 86' lang='lat' dir='ltr'><strong>medinm</strong></span> <span class='ocrx_word' id='word_1_33' title='bbox 1270 938 1550 999; x_wconf 79' lang='lat' dir='ltr'>ordinem</span> <span class='ocrx_word' id='word_1_34' title='bbox 1621 939 2042 1020; x_wconf 83' lang='lat' dir='ltr'><strong>rhythmicum</strong></span> <span class='ocrx_word' id='word_1_35' title='bbox 2105 938 2341 1000; x_wconf 87' lang='lat' dir='ltr'><strong>incidat</strong></span> <span class='ocrx_word' id='word_1_36' title='bbox 2408 937 2707 1020; x_wconf 83' lang='lat' dir='ltr'><strong>(quando</strong></span> 
     </span>
     <span class='ocr_line' id='line_1_6' title="bbox 480 1068 2707 1149; baseline -0.002 -13"><span class='ocrx_word' id='word_1_37' title='bbox 480 1072 789 1136; x_wconf 88' lang='lat' dir='ltr'><strong>iambicos</strong></span> <span class='ocrx_word' id='word_1_38' title='bbox 834 1088 983 1133; x_wconf 83' lang='lat' dir='ltr'><strong>csse</strong></span> <span class='ocrx_word' id='word_1_39' title='bbox 1038 1070 1286 1132; x_wconf 76' lang='lat' dir='ltr'><strong>iambici</strong></span> <span class='ocrx_word' id='word_1_40' title='bbox 1346 1087 1581 1130; x_wconf 87' lang='lat' dir='ltr'><strong>versus</strong></span> <span class='ocrx_word' id='word_1_41' title='bbox 1621 1068 1873 1129; x_wconf 80' lang='lat' dir='ltr'><strong>ordines</strong></span> <span class='ocrx_word' id='word_1_42' title='bbox 1917 1077 2192 1149; x_wconf 81' lang='lat' dir='ltr'><strong>oportet,</strong></span> <span class='ocrx_word' id='word_1_43' title='bbox 2238 1087 2360 1130; x_wconf 90' lang='lat' dir='ltr'><strong>non</strong></span> <span class='ocrx_word' id='word_1_44' title='bbox 2406 1071 2707 1134; x_wconf 84' lang='lat' dir='ltr'><strong>trochai-</strong></span> 
     </span>
     <span class='ocr_line' id='line_1_7' title="bbox 486 1199 2705 1284; baseline -0.001 -17"><span class='ocrx_word' id='word_1_45' title='bbox 486 1209 659 1284; x_wconf 90' lang='lat' dir='ltr'><strong>cos)‚</strong></span> <span class='ocrx_word' id='word_1_46' title='bbox 707 1204 916 1265; x_wconf 77' lang='lat' dir='ltr'><strong>hiatus</strong></span> <span class='ocrx_word' id='word_1_47' title='bbox 959 1204 1168 1264; x_wconf 92' lang='lat' dir='ltr'><strong>locum</strong></span> <span class='ocrx_word' id='word_1_48' title='bbox 1213 1220 1337 1262; x_wconf 91' lang='lat' dir='ltr'><strong>non</strong></span> <span class='ocrx_word' id='word_1_49' title='bbox 1383 1199 1616 1262; x_wconf 88' lang='lat' dir='ltr'><strong>habuit.</strong></span> <span class='ocrx_word' id='word_1_50' title='bbox 1660 1199 1867 1277; x_wconf 82' lang='lat' dir='ltr'><strong>Quam</strong></span> <span class='ocrx_word' id='word_1_51' title='bbox 1914 1218 2225 1262; x_wconf 74' lang='lat' dir='ltr'><strong>caesurae</strong></span> <span class='ocrx_word' id='word_1_52' title='bbox 2273 1202 2379 1264; x_wconf 86' lang='lat' dir='ltr'><strong>vel</strong></span> <span class='ocrx_word' id='word_1_53' title='bbox 2425 1203 2558 1264; x_wconf 86' lang='lat' dir='ltr'><strong>vim</strong></span> <span class='ocrx_word' id='word_1_54' title='bbox 2596 1205 2705 1266; x_wconf 78' lang='lat' dir='ltr'><strong>vel</strong></span> 
     </span>
     <span class='ocr_line' id='line_1_8' title="bbox 487 1329 2703 1413; baseline -0.003 -12"><span class='ocrx_word' id='word_1_55' title='bbox 487 1359 611 1401; x_wconf 88' lang='lat' dir='ltr'><strong>non</strong></span> <span class='ocrx_word' id='word_1_56' title='bbox 662 1337 789 1398; x_wconf 83' lang='lat' dir='ltr'><strong>vim</strong></span> <span class='ocrx_word' id='word_1_57' title='bbox 835 1335 1135 1397; x_wconf 82' lang='lat' dir='ltr'><strong>ficticiam</strong></span> <span class='ocrx_word' id='word_1_58' title='bbox 1182 1351 1305 1394; x_wconf 93' lang='lat' dir='ltr'><strong>non</strong></span> <span class='ocrx_word' id='word_1_59' title='bbox 1350 1348 1502 1394; x_wconf 84' lang='lat' dir='ltr'><strong>esse</strong></span> <span class='ocrx_word' id='word_1_60' title='bbox 1554 1330 1907 1391; x_wconf 86' lang='lat' dir='ltr'><strong>luculenter</strong></span> <span class='ocrx_word' id='word_1_61' title='bbox 1966 1329 2116 1390; x_wconf 90' lang='lat' dir='ltr'><strong>hinc</strong></span> <span class='ocrx_word' id='word_1_62' title='bbox 2156 1340 2464 1412; x_wconf 85' lang='lat' dir='ltr'><strong>apparet,</strong></span> <span class='ocrx_word' id='word_1_63' title='bbox 2528 1332 2703 1413; x_wconf 86' lang='lat' dir='ltr'><strong>quod</strong></span> 
     </span>
     <span class='ocr_line' id='line_1_9' title="bbox 491 1464 2704 1550; baseline -0.001 -16"><span class='ocrx_word' id='word_1_64' title='bbox 491 1472 697 1534; x_wconf 86' lang='lat' dir='ltr'><strong>sicubi</strong></span> <span class='ocrx_word' id='word_1_65' title='bbox 744 1487 1071 1531; x_wconf 88' lang='lat' dir='ltr'><strong>caesuram</strong></span> <span class='ocrx_word' id='word_1_66' title='bbox 1118 1466 1223 1528; x_wconf 84' lang='lat' dir='ltr'><strong>vel</strong></span> <span class='ocrx_word' id='word_1_67' title='bbox 1269 1465 1633 1529; x_wconf 77' lang='lat' dir='ltr'><strong>trochaicus</strong></span> <span class='ocrx_word' id='word_1_68' title='bbox 1683 1466 1789 1527; x_wconf 87' lang='lat' dir='ltr'><strong>vel</strong></span> <span class='ocrx_word' id='word_1_69' title='bbox 1835 1464 2026 1545; x_wconf 86' lang='lat' dir='ltr'><strong>longe</strong></span> <span class='ocrx_word' id='word_1_70' title='bbox 2071 1466 2353 1546; x_wconf 86' lang='lat' dir='ltr'><strong>plurimis</strong></span> <span class='ocrx_word' id='word_1_71' title='bbox 2378 1472 2704 1550; x_wconf 85' lang='lat' dir='ltr'><strong>exemplis</strong></span> 
     </span>
     <span class='ocr_line' id='line_1_10' title="bbox 490 1600 2705 1688; baseline -0 -23"><span class='ocrx_word' id='word_1_72' title='bbox 490 1605 800 1667; x_wconf 80' lang='lat' dir='ltr'><strong>iambicus</strong></span> <span class='ocrx_word' id='word_1_73' title='bbox 848 1612 1218 1666; x_wconf 85' lang='lat' dir='ltr'><strong>tetrameter</strong></span> <span class='ocrx_word' id='word_1_74' title='bbox 1262 1621 1385 1664; x_wconf 90' lang='lat' dir='ltr'><strong>non</strong></span> <span class='ocrx_word' id='word_1_75' title='bbox 1431 1609 1576 1681; x_wconf 89' lang='lat' dir='ltr'><strong>post</strong></span> <span class='ocrx_word' id='word_1_76' title='bbox 1634 1609 1926 1662; x_wconf 88' lang='lat' dir='ltr'><strong>octavam</strong></span> <span class='ocrx_word' id='word_1_77' title='bbox 1975 1600 2166 1662; x_wconf 83' lang='lat' dir='ltr'><strong>habet</strong></span> <span class='ocrx_word' id='word_1_78' title='bbox 2205 1601 2323 1662; x_wconf 87' lang='lat' dir='ltr'><strong>sed</strong></span> <span class='ocrx_word' id='word_1_79' title='bbox 2370 1610 2520 1688; x_wconf 84' lang='lat' dir='ltr'><strong>post</strong></span> <span class='ocrx_word' id='word_1_80' title='bbox 2574 1622 2705 1664; x_wconf 89' lang='lat' dir='ltr'><strong>no-</strong></span> 
     </span>
     <span class='ocr_line' id='line_1_11' title="bbox 492 1723 2702 1818; baseline -0.001 -18"><span class='ocrx_word' id='word_1_81' title='bbox 492 1757 636 1801; x_wconf 84' lang='lat' dir='ltr'><strong>nam</strong></span> <span class='ocrx_word' id='word_1_82' title='bbox 663 1723 979 1818; x_wconf 73' lang='lat' dir='ltr'><strong>syllabam</strong></span> <span class='ocrx_word' id='word_1_83' title='bbox 1018 1735 1076 1798; x_wconf 89' lang='lat' dir='ltr'><strong>h.</strong></span> <span class='ocrx_word' id='word_1_84' title='bbox 1111 1753 1165 1794; x_wconf 89' lang='lat' dir='ltr'><strong>e.</strong></span> <span class='ocrx_word' id='word_1_85' title='bbox 1209 1752 1332 1793; x_wconf 92' lang='lat' dir='ltr'><strong>non</strong></span> <span class='ocrx_word' id='word_1_86' title='bbox 1378 1733 1440 1792; x_wconf 89' lang='lat' dir='ltr'><strong>iu</strong></span> <span class='ocrx_word' id='word_1_87' title='bbox 1483 1732 1606 1793; x_wconf 82' lang='lat' dir='ltr'><strong>iine</strong></span> <span class='ocrx_word' id='word_1_88' title='bbox 1650 1731 1982 1812; x_wconf 84' lang='lat' dir='ltr'><strong>rhythmici</strong></span> <span class='ocrx_word' id='word_1_89' title='bbox 2029 1731 2265 1794; x_wconf 83' lang='lat' dir='ltr'><strong>ordinis</strong></span> <span class='ocrx_word' id='word_1_90' title='bbox 2313 1732 2520 1796; x_wconf 87' lang='lat' dir='ltr'><strong>sedin</strong></span> <span class='ocrx_word' id='word_1_91' title='bbox 2554 1754 2702 1797; x_wconf 88' lang='lat' dir='ltr'><strong>me-</strong></span> 
     </span>
     <span class='ocr_line' id='line_1_12' title="bbox 488 1861 2707 1944; baseline 0 -15"><span class='ocrx_word' id='word_1_92' title='bbox 488 1868 596 1930; x_wconf 89' lang='lat' dir='ltr'><strong>dio</strong></span> <span class='ocrx_word' id='word_1_93' title='bbox 642 1865 883 1944; x_wconf 87' lang='lat' dir='ltr'><strong>ordine,</strong></span> <span class='ocrx_word' id='word_1_94' title='bbox 928 1885 1053 1926; x_wconf 90' lang='lat' dir='ltr'><strong>non</strong></span> <span class='ocrx_word' id='word_1_95' title='bbox 1094 1880 1366 1943; x_wconf 86' lang='lat' dir='ltr'><strong>unquam</strong></span> <span class='ocrx_word' id='word_1_96' title='bbox 1412 1861 1607 1924; x_wconf 87' lang='lat' dir='ltr'><strong>hiatui</strong></span> <span class='ocrx_word' id='word_1_97' title='bbox 1654 1863 1828 1925; x_wconf 87' lang='lat' dir='ltr'><strong>locus</strong></span> <span class='ocrx_word' id='word_1_98' title='bbox 1872 1880 2225 1925; x_wconf 87' lang='lat' dir='ltr'><strong>concessus</strong></span> <span class='ocrx_word' id='word_1_99' title='bbox 2267 1877 2387 1929; x_wconf 89' lang='lat' dir='ltr'><strong>est.</strong></span> <span class='ocrx_word' id='word_1_100' title='bbox 2473 1866 2707 1944; x_wconf 82' lang='lat' dir='ltr'><strong>Quod-</strong></span> 
     </span>
     <span class='ocr_line' id='line_1_13' title="bbox 489 1992 2707 2076; baseline 0.001 -19"><span class='ocrx_word' id='word_1_101' title='bbox 489 1995 546 2057; x_wconf 86' lang='lat' dir='ltr'><strong>si</strong></span> <span class='ocrx_word' id='word_1_102' title='bbox 588 1996 649 2056; x_wconf 88' lang='lat' dir='ltr'><strong>in</strong></span> <span class='ocrx_word' id='word_1_103' title='bbox 693 1995 952 2056; x_wconf 87' lang='lat' dir='ltr'><strong>creticis</strong></span> <span class='ocrx_word' id='word_1_104' title='bbox 997 1994 1289 2055; x_wconf 86' lang='lat' dir='ltr'><strong>versibus</strong></span> <span class='ocrx_word' id='word_1_105' title='bbox 1344 1992 1582 2054; x_wconf 88' lang='lat' dir='ltr'><strong>hiatum</strong></span> <span class='ocrx_word' id='word_1_106' title='bbox 1641 1992 1751 2054; x_wconf 87' lang='lat' dir='ltr'><strong>vel</strong></span> <span class='ocrx_word' id='word_1_107' title='bbox 1810 1993 2121 2073; x_wconf 84' lang='lat' dir='ltr'><strong>syllabam</strong></span> <span class='ocrx_word' id='word_1_108' title='bbox 2184 1995 2530 2076; x_wconf 85' lang='lat' dir='ltr'><strong>ancipitem</strong></span> <span class='ocrx_word' id='word_1_109' title='bbox 2579 2016 2707 2059; x_wconf 91' lang='lat' dir='ltr'><strong>non</strong></span> 
     </span>
     <span class='ocr_line' id='line_1_14' title="bbox 486 2121 2707 2210; baseline 0.002 -23"><span class='ocrx_word' id='word_1_110' title='bbox 486 2126 850 2210; x_wconf 88' lang='lat' dir='ltr'><strong>principalis</strong></span> <span class='ocrx_word' id='word_1_111' title='bbox 893 2133 1131 2187; x_wconf 86' lang='lat' dir='ltr'><strong>tantum</strong></span> <span class='ocrx_word' id='word_1_112' title='bbox 1179 2142 1454 2186; x_wconf 88' lang='lat' dir='ltr'><strong>caesura</strong></span> <span class='ocrx_word' id='word_1_113' title='bbox 1498 2121 1697 2185; x_wconf 85' lang='lat' dir='ltr'><strong>totius</strong></span> <span class='ocrx_word' id='word_1_114' title='bbox 1740 2140 1991 2205; x_wconf 67' lang='lat' dir='ltr'><strong>veram,</strong></span> <span class='ocrx_word' id='word_1_115' title='bbox 2036 2122 2153 2185; x_wconf 83' lang='lat' dir='ltr'><strong>sed</strong></span> <span class='ocrx_word' id='word_1_116' title='bbox 2195 2126 2496 2207; x_wconf 85' lang='lat' dir='ltr'><strong>singulae</strong></span> <span class='ocrx_word' id='word_1_117' title='bbox 2540 2147 2707 2190; x_wconf 82' lang='lat' dir='ltr'><strong>cae-</strong></span> 
     </span>
     <span class='ocr_line' id='line_1_15' title="bbox 489 2253 2710 2340; baseline 0.001 -19"><span class='ocrx_word' id='word_1_118' title='bbox 489 2277 683 2321; x_wconf 86' lang='lat' dir='ltr'><strong>surae</strong></span> <span class='ocrx_word' id='word_1_119' title='bbox 728 2256 996 2339; x_wconf 88' lang='lat' dir='ltr'><strong>podicac</strong></span> <span class='ocrx_word' id='word_1_120' title='bbox 1037 2256 1460 2336; x_wconf 86' lang='lat' dir='ltr'><strong>admiserunt,</strong></span> <span class='ocrx_word' id='word_1_121' title='bbox 1507 2253 1674 2336; x_wconf 87' lang='lat' dir='ltr'><strong>quod</strong></span> <span class='ocrx_word' id='word_1_122' title='bbox 1718 2254 1956 2316; x_wconf 76' lang='lat' dir='ltr'><strong>factum</strong></span> <span class='ocrx_word' id='word_1_123' title='bbox 2002 2273 2159 2318; x_wconf 84' lang='lat' dir='ltr'><strong>esse</strong></span> <span class='ocrx_word' id='word_1_124' title='bbox 2187 2256 2549 2340; x_wconf 56' lang='lat' dir='ltr'><strong>consiatff),</strong></span> <span class='ocrx_word' id='word_1_125' title='bbox 2578 2259 2710 2324; x_wconf 87' lang='lat' dir='ltr'><strong>boc</strong></span> 
     </span>
     <span class='ocr_line' id='line_1_16' title="bbox 492 2388 2708 2474; baseline 0.001 -21"><span class='ocrx_word' id='word_1_126' title='bbox 492 2410 531 2453; x_wconf 91' lang='lat' dir='ltr'><strong>e</strong></span> <span class='ocrx_word' id='word_1_127' title='bbox 572 2389 877 2474; x_wconf 82' lang='lat' dir='ltr'><strong>singulari</strong></span> <span class='ocrx_word' id='word_1_128' title='bbox 921 2398 1146 2453; x_wconf 88' lang='lat' dir='ltr'><strong>natura</strong></span> <span class='ocrx_word' id='word_1_129' title='bbox 1190 2388 1411 2451; x_wconf 85' lang='lat' dir='ltr'><strong>cretici</strong></span> <span class='ocrx_word' id='word_1_130' title='bbox 1459 2389 1701 2451; x_wconf 88' lang='lat' dir='ltr'><strong>numeri</strong></span> <span class='ocrx_word' id='word_1_131' title='bbox 1741 2389 2150 2471; x_wconf 85' lang='lat' dir='ltr'><strong>repetendum</strong></span> <span class='ocrx_word' id='word_1_132' title='bbox 2197 2403 2323 2471; x_wconf 85' lang='lat' dir='ltr'><strong>est,</strong></span> <span class='ocrx_word' id='word_1_133' title='bbox 2348 2393 2708 2456; x_wconf 73' lang='lat' dir='ltr'><strong>cuiussin-</strong></span> 
     </span>
     <span class='ocr_line' id='line_1_17' title="bbox 487 2522 2704 2606; baseline 0.001 -19"><span class='ocrx_word' id='word_1_134' title='bbox 487 2527 617 2606; x_wconf 86' lang='lat' dir='ltr'><strong>guli</strong></span> <span class='ocrx_word' id='word_1_135' title='bbox 665 2523 865 2606; x_wconf 87' lang='lat' dir='ltr'><strong>pedes</strong></span> <span class='ocrx_word' id='word_1_136' title='bbox 912 2531 1213 2604; x_wconf 86' lang='lat' dir='ltr'><strong>tanquam</strong></span> <span class='ocrx_word' id='word_1_137' title='bbox 1259 2522 1677 2584; x_wconf 85' lang='lat' dir='ltr'><strong>catalecticos</strong></span> <span class='ocrx_word' id='word_1_138' title='bbox 1737 2522 1989 2584; x_wconf 85' lang='lat' dir='ltr'><strong>ordines</strong></span> <span class='ocrx_word' id='word_1_139' title='bbox 2047 2523 2370 2603; x_wconf 84' lang='lat' dir='ltr'><strong>efficiunt,</strong></span> <span class='ocrx_word' id='word_1_140' title='bbox 2435 2525 2557 2587; x_wconf 89' lang='lat' dir='ltr'><strong>sed</strong></span> <span class='ocrx_word' id='word_1_141' title='bbox 2614 2526 2704 2589; x_wconf 80' lang='lat' dir='ltr'><strong>ad</strong></span> 
     </span>
     <span class='ocr_line' id='line_1_18' title="bbox 487 2649 2705 2737; baseline 0 -17"><span class='ocrx_word' id='word_1_142' title='bbox 487 2657 898 2720; x_wconf 87' lang='lat' dir='ltr'><strong>iambicorum</strong></span> <span class='ocrx_word' id='word_1_143' title='bbox 972 2670 1281 2714; x_wconf 87' lang='lat' dir='ltr'><strong>versuum</strong></span> <span class='ocrx_word' id='word_1_144' title='bbox 1337 2649 1900 2714; x_wconf 79' lang='lat' dir='ltr'><strong>trochaicorumve</strong></span> <span class='ocrx_word' id='word_1_145' title='bbox 1954 2653 2204 2715; x_wconf 84' lang='lat' dir='ltr'><strong>ordines</strong></span> <span class='ocrx_word' id='word_1_146' title='bbox 2268 2656 2439 2717; x_wconf 88' lang='lat' dir='ltr'><strong>nullo</strong></span> <span class='ocrx_word' id='word_1_147' title='bbox 2507 2667 2705 2737; x_wconf 82' lang='lat' dir='ltr'><strong>paeto</strong></span> 
     </span>
     <span class='ocr_line' id='line_1_19' title="bbox 489 2783 2709 2873; baseline 0.001 -23"><span class='ocrx_word' id='word_1_148' title='bbox 489 2787 1019 2850; x_wconf 78' lang='lat' dir='ltr'><strong>transferendum.</strong></span> <span class='ocrx_word' id='word_1_149' title='bbox 1106 2783 1254 2862; x_wconf 84' lang='lat' dir='ltr'><strong>Quo</strong></span> <span class='ocrx_word' id='word_1_150' title='bbox 1300 2795 1510 2846; x_wconf 87' lang='lat' dir='ltr'><strong>tamen</strong></span> <span class='ocrx_word' id='word_1_151' title='bbox 1555 2786 1743 2865; x_wconf 84' lang='lat' dir='ltr'><strong>gravi</strong></span> <span class='ocrx_word' id='word_1_152' title='bbox 1787 2806 2000 2848; x_wconf 89' lang='lat' dir='ltr'><strong>errore</strong></span> <span class='ocrx_word' id='word_1_153' title='bbox 2043 2789 2268 2851; x_wconf 84' lang='lat' dir='ltr'><strong>irretiri</strong></span> <span class='ocrx_word' id='word_1_154' title='bbox 2310 2807 2387 2851; x_wconf 88' lang='lat' dir='ltr'><strong>se</strong></span> <span class='ocrx_word' id='word_1_155' title='bbox 2425 2790 2709 2873; x_wconf 79' lang='lat' dir='ltr'><strong>Lingius</strong></span> 
     </span>
     <span class='ocr_line' id='line_1_20' title="bbox 489 2915 2712 3012; baseline 0 -27"><span class='ocrx_word' id='word_1_156' title='bbox 489 2938 747 3004; x_wconf 85' lang='lat' dir='ltr'><strong>passus,</strong></span> <span class='ocrx_word' id='word_1_157' title='bbox 794 2918 943 2980; x_wconf 91' lang='lat' dir='ltr'><strong>dum</strong></span> <span class='ocrx_word' id='word_1_158' title='bbox 992 2915 1335 2978; x_wconf 84' lang='lat' dir='ltr'><strong>trochaicis</strong></span> <span class='ocrx_word' id='word_1_159' title='bbox 1380 2915 1704 2978; x_wconf 86' lang='lat' dir='ltr'><strong>ordinibus</strong></span> <span class='ocrx_word' id='word_1_160' title='bbox 1745 2917 2053 2982; x_wconf 86' lang='lat' dir='ltr'><strong>iambicos</strong></span> <span class='ocrx_word' id='word_1_161' title='bbox 2100 2938 2333 2982; x_wconf 85' lang='lat' dir='ltr'><strong>versus</strong></span> <span class='ocrx_word' id='word_1_162' title='bbox 2359 2922 2712 3012; x_wconf 80' lang='lat' dir='ltr'><strong>dimetitur,</strong></span> 
     </span>
     <span class='ocr_line' id='line_1_21' title="bbox 448 3044 2710 3139; baseline 0.001 -23"><span class='ocrx_word' id='word_1_163' title='bbox 448 3070 451 3073; x_wconf 68' lang='grc'>“</span> <span class='ocrx_word' id='word_1_164' title='bbox 490 3072 569 3116; x_wconf 89' lang='lat' dir='ltr'><strong>eo</strong></span> <span class='ocrx_word' id='word_1_165' title='bbox 617 3049 908 3139; x_wconf 36' lang='lat' dir='ltr'><strong>perveni-t</strong></span> <span class='ocrx_word' id='word_1_166' title='bbox 951 3056 1020 3110; x_wconf 88' lang='lat' dir='ltr'><strong>ut</strong></span> <span class='ocrx_word' id='word_1_167' title='bbox 1062 3064 1187 3109; x_wconf 89' lang='lat' dir='ltr'><strong>non</strong></span> <span class='ocrx_word' id='word_1_168' title='bbox 1232 3044 1421 3106; x_wconf 88' lang='lat' dir='ltr'><strong>modo</strong></span> <span class='ocrx_word' id='word_1_169' title='bbox 1466 3050 1531 3108; x_wconf 90' lang='lat' dir='ltr'><strong>in</strong></span> <span class='ocrx_word' id='word_1_170' title='bbox 1575 3065 1846 3109; x_wconf 88' lang='lat' dir='ltr'><strong>caesura</strong></span> <span class='ocrx_word' id='word_1_171' title='bbox 1889 3051 2300 3133; x_wconf 86' lang='lat' dir='ltr'><strong>senariorum,</strong></span> <span class='ocrx_word' id='word_1_172' title='bbox 2327 3052 2534 3116; x_wconf 86' lang='lat' dir='ltr'><strong>sedin</strong></span> <span class='ocrx_word' id='word_1_173' title='bbox 2575 3056 2710 3119; x_wconf 77' lang='lat' dir='ltr'><strong>line</strong></span> 
     </span>
     <span class='ocr_line' id='line_1_22' title="bbox 496 3181 2708 3264; baseline 0.002 -17"><span class='ocrx_word' id='word_1_174' title='bbox 496 3184 815 3264; x_wconf 83' lang='lat' dir='ltr'><strong>cuiusque</strong></span> <span class='ocrx_word' id='word_1_175' title='bbox 861 3182 1153 3264; x_wconf 85' lang='lat' dir='ltr'><strong>dipodiae</strong></span> <span class='ocrx_word' id='word_1_176' title='bbox 1195 3183 1564 3245; x_wconf 88' lang='lat' dir='ltr'><strong>trochaicae</strong></span> <span class='ocrx_word' id='word_1_177' title='bbox 1607 3182 1751 3244; x_wconf 89' lang='lat' dir='ltr'><strong>sive</strong></span> <span class='ocrx_word' id='word_1_178' title='bbox 1780 3181 2188 3245; x_wconf 88' lang='lat' dir='ltr'><strong>iambicorum</strong></span> <span class='ocrx_word' id='word_1_179' title='bbox 2232 3185 2379 3247; x_wconf 86' lang='lat' dir='ltr'><strong>sive</strong></span> <span class='ocrx_word' id='word_1_180' title='bbox 2408 3187 2708 3251; x_wconf 82' lang='lat' dir='ltr'><strong>trochai-</strong></span> 
     </span>
    </p>
   </div>
   <div class='ocr_carea' id='block_1_3' title="bbox 491 3316 2714 3403">
    <p class='ocr_par' dir='ltr' id='par_1_3' title="bbox 491 3316 2714 3403">
     <span class='ocr_line' id='line_1_23' title="bbox 491 3316 2714 3403; baseline 0.004 -25"><span class='ocrx_word' id='word_1_181' title='bbox 491 3332 712 3378; x_wconf 90' lang='lat' dir='ltr'><strong>corum</strong></span> <span class='ocrx_word' id='word_1_182' title='bbox 743 3333 1044 3378; x_wconf 80' lang='lat' dir='ltr'><strong>versuum</strong></span> <span class='ocrx_word' id='word_1_183' title='bbox 1087 3316 1441 3399; x_wconf 84' lang='lat' dir='ltr'><strong>legitimum</strong></span> <span class='ocrx_word' id='word_1_184' title='bbox 1485 3334 1637 3380; x_wconf 86' lang='lat' dir='ltr'><strong>esse</strong></span> <span class='ocrx_word' id='word_1_185' title='bbox 1665 3317 1901 3380; x_wconf 89' lang='lat' dir='ltr'><strong>hiatum</strong></span> <span class='ocrx_word' id='word_1_186' title='bbox 1928 3319 2048 3381; x_wconf 84' lang='lat' dir='ltr'><strong>sibi</strong></span> <span class='ocrx_word' id='word_1_187' title='bbox 2071 3319 2505 3400; x_wconf 82' lang='lat' dir='ltr'><strong>persuaderet.</strong></span> <span class='ocrx_word' id='word_1_188' title='bbox 2553 3323 2714 3403; x_wconf 78' lang='lat' dir='ltr'><strong>Qua</strong></span> 
     </span>
    </p>
   </div>
   <div class='ocr_carea' id='block_1_4' title="bbox 520 3608 2710 4388">
    <p class='ocr_par' dir='ltr' id='par_1_4' title="bbox 520 3608 2710 3867">
     <span class='ocr_line' id='line_1_24' title="bbox 520 3608 2706 3675; baseline 0.002 -16"><span class='ocrx_word' id='word_1_189' title='bbox 520 3611 580 3674; x_wconf 66' lang='lat'><strong>¹⁸)</strong></span> <span class='ocrx_word' id='word_1_190' title='bbox 617 3609 931 3675; x_wconf 82' lang='lat' dir='ltr'><strong>Quanquam</strong></span> <span class='ocrx_word' id='word_1_191' title='bbox 967 3621 1076 3659; x_wconf 89' lang='lat' dir='ltr'><strong>non</strong></span> <span class='ocrx_word' id='word_1_192' title='bbox 1113 3612 1198 3658; x_wconf 86' lang='lat' dir='ltr'><strong>est</strong></span> <span class='ocrx_word' id='word_1_193' title='bbox 1230 3608 1424 3672; x_wconf 82' lang='lat' dir='ltr'><strong>quovis</strong></span> <span class='ocrx_word' id='word_1_194' title='bbox 1458 3613 1621 3671; x_wconf 81' lang='lat' dir='ltr'><strong>pacto</strong></span> <span class='ocrx_word' id='word_1_195' title='bbox 1656 3610 1877 3659; x_wconf 76' lang='lat' dir='ltr'><strong>factum.</strong></span> <span class='ocrx_word' id='word_1_196' title='bbox 1961 3611 2097 3660; x_wconf 77' lang='lat' dir='ltr'><strong>Nam</strong></span> <span class='ocrx_word' id='word_1_197' title='bbox 2131 3611 2232 3660; x_wconf 83' lang='lat' dir='ltr'><strong>etsi</strong></span> <span class='ocrx_word' id='word_1_198' title='bbox 2276 3611 2328 3660; x_wconf 87' lang='lat' dir='ltr'><strong>in</strong></span> <span class='ocrx_word' id='word_1_199' title='bbox 2364 3613 2706 3665; x_wconf 74' lang='lat' dir='ltr'><strong>Hermann!-</strong></span> 
     </span>
     <span class='ocr_line' id='line_1_25' title="bbox 618 3713 2710 3780; baseline 0 -17"><span class='ocrx_word' id='word_1_200' title='bbox 618 3726 726 3764; x_wconf 87' lang='lat' dir='ltr'><strong>ana</strong></span> <span class='ocrx_word' id='word_1_201' title='bbox 772 3713 1124 3777; x_wconf 79' lang='lat' dir='ltr'><strong>descriptione</strong></span> <span class='ocrx_word' id='word_1_202' title='bbox 1169 3726 1354 3763; x_wconf 84' lang='lat' dir='ltr'><strong>eorum</strong></span> <span class='ocrx_word' id='word_1_203' title='bbox 1405 3726 1689 3777; x_wconf 84' lang='lat' dir='ltr'><strong>versuum,</strong></span> <span class='ocrx_word' id='word_1_204' title='bbox 1733 3714 1822 3777; x_wconf 84' lang='lat' dir='ltr'><strong>qui</strong></span> <span class='ocrx_word' id='word_1_205' title='bbox 1876 3714 2026 3763; x_wconf 80' lang='lat' dir='ltr'><strong>nobis</strong></span> <span class='ocrx_word' id='word_1_206' title='bbox 2073 3720 2201 3763; x_wconf 84' lang='lat' dir='ltr'><strong>sunt</strong></span> <span class='ocrx_word' id='word_1_207' title='bbox 2235 3713 2385 3764; x_wconf 75' lang='lat' dir='ltr'><strong>Trln.</strong></span> <span class='ocrx_word' id='word_1_208' title='bbox 2444 3714 2563 3764; x_wconf 72' lang='lat'><strong>84⁷</strong></span> <span class='ocrx_word' id='word_1_209' title='bbox 2597 3730 2710 3780; x_wconf 61' lang='lat' dir='ltr'><strong>sq„</strong></span> 
     </span>
     <span class='ocr_line' id='line_1_26' title="bbox 620 3812 1475 3867; baseline 0.005 -4"><span class='ocrx_word' id='word_1_210' title='bbox 620 3819 770 3863; x_wconf 83' lang='lat' dir='ltr'><strong>recte</strong></span> <span class='ocrx_word' id='word_1_211' title='bbox 806 3812 888 3862; x_wconf 84' lang='lat' dir='ltr'><strong>bic</strong></span> <span class='ocrx_word' id='word_1_212' title='bbox 916 3828 979 3863; x_wconf 85' lang='lat' dir='ltr'><strong>se</strong></span> <span class='ocrx_word' id='word_1_213' title='bbox 1014 3815 1245 3864; x_wconf 86' lang='lat' dir='ltr'><strong>creticus</strong></span> <span class='ocrx_word' id='word_1_214' title='bbox 1284 3817 1475 3867; x_wconf 84' lang='lat' dir='ltr'><strong>babet:</strong></span> 
     </span>
    </p>

    <p class='ocr_par' dir='ltr' id='par_1_5' title="bbox 618 3909 2705 4172">
     <span class='ocr_line' id='line_1_27' title="bbox 753 3909 2699 3984; baseline 0.008 -23"><span class='ocrx_word' id='word_1_215' title='bbox 753 3909 843 3961; x_wconf 83' lang='lat' dir='ltr'><strong>&#39;Ibi</strong></span> <span class='ocrx_word' id='word_1_216' title='bbox 881 3911 1193 3974; x_wconf 75' lang='lat' dir='ltr'><strong>pendentem</strong></span> <span class='ocrx_word' id='word_1_217' title='bbox 1233 3916 1394 3966; x_wconf 84' lang='lat' dir='ltr'><strong>ferit:</strong></span> <span class='ocrx_word' id='word_1_218' title='bbox 1431 3918 1534 3966; x_wconf 84' lang='lat' dir='ltr'><strong>iam</strong></span> <span class='ocrx_word' id='word_1_219' title='bbox 1573 3914 1834 3982; x_wconf 77' lang='lat' dir='ltr'><strong>a&#39;mplius</strong></span> <span class='ocrx_word' id='word_1_220' title='bbox 1870 3917 2012 3984; x_wconf 71' lang='lat' dir='ltr'><strong>(irat,</strong></span> <span class='ocrx_word' id='word_1_221' title='bbox 2692 3978 2699 3983; x_wconf 74' lang='grc'>,</span> 
     </span>
     <span class='ocr_line' id='line_1_28' title="bbox 618 3996 2705 4087; baseline 0.001 -15"><span class='ocrx_word' id='word_1_222' title='bbox 618 4027 793 4072; x_wconf 80' lang='lat' dir='ltr'><strong>tamen</strong></span> <span class='ocrx_word' id='word_1_223' title='bbox 829 4021 885 4071; x_wconf 89' lang='lat' dir='ltr'><strong>in</strong></span> <span class='ocrx_word' id='word_1_224' title='bbox 919 4023 1134 4073; x_wconf 81' lang='lat' dir='ltr'><strong>brevem</strong></span> <span class='ocrx_word' id='word_1_225' title='bbox 1173 4023 1422 4073; x_wconf 85' lang='lat' dir='ltr'><strong>vocalem</strong></span> <span class='ocrx_word' id='word_1_226' title='bbox 1458 4023 1706 4073; x_wconf 85' lang='lat' dir='ltr'><strong>desinens</strong></span> <span class='ocrx_word' id='word_1_227' title='bbox 1753 4036 1862 4074; x_wconf 82' lang='lat' dir='ltr'><strong>vox</strong></span> <span class='ocrx_word' id='word_1_228' title='bbox 1906 3996 2188 4086; x_wconf 75' lang='lat' dir='ltr'><strong>dactylica</strong></span> <span class='ocrx_word' id='word_1_229' title='bbox 2234 4035 2344 4073; x_wconf 88' lang='lat' dir='ltr'><strong>non</strong></span> <span class='ocrx_word' id='word_1_230' title='bbox 2381 4023 2565 4086; x_wconf 74' lang='lat' dir='ltr'><strong>potnit</strong></span> <span class='ocrx_word' id='word_1_231' title='bbox 2599 4036 2705 4087; x_wconf 68' lang='lat' dir='ltr'><strong>pro</strong></span> 
     </span>
     <span class='ocr_line' id='line_1_29' title="bbox 620 4122 1390 4172; baseline 0.001 -2"><span class='ocrx_word' id='word_1_232' title='bbox 620 4122 822 4171; x_wconf 83' lang='lat' dir='ltr'><strong>cretico</strong></span> <span class='ocrx_word' id='word_1_233' title='bbox 858 4123 1113 4172; x_wconf 82' lang='lat' dir='ltr'><strong>substitui</strong></span> <span class='ocrx_word' id='word_1_234' title='bbox 1151 4136 1203 4170; x_wconf 79' lang='lat' dir='ltr'><strong>v·</strong></span> <span class='ocrx_word' id='word_1_235' title='bbox 1243 4122 1390 4171; x_wconf 75' lang='lat'><strong>251:</strong></span> 
     </span>
    </p>

    <p class='ocr_par' dir='ltr' id='par_1_6' title="bbox 611 4218 1829 4388">
     <span class='ocr_line' id='line_1_30' title="bbox 753 4218 1829 4287; baseline 0.004 -18"><span class='ocrx_word' id='word_1_236' title='bbox 753 4219 876 4270; x_wconf 74' lang='lat' dir='ltr'><strong>Nox</strong></span> <span class='ocrx_word' id='word_1_237' title='bbox 911 4225 1104 4273; x_wconf 87' lang='lat' dir='ltr'><strong>datur:</strong></span> <span class='ocrx_word' id='word_1_238' title='bbox 1151 4218 1363 4272; x_wconf 79' lang='lat' dir='ltr'><strong>ducitur</strong></span> <span class='ocrx_word' id='word_1_239' title='bbox 1397 4218 1643 4287; x_wconf 68' lang='lat' dir='ltr'><strong>[cimilia</strong></span> <span class='ocrx_word' id='word_1_240' title='bbox 1678 4220 1829 4273; x_wconf 79' lang='lat' dir='ltr'><strong>tota:</strong></span> 
     </span>
     <span class='ocr_line' id='line_1_31' title="bbox 611 4324 1694 4388; baseline 0.003 -18"><span class='ocrx_word' id='word_1_241' title='bbox 611 4324 749 4383; x_wconf 82' lang='lat' dir='ltr'><strong>quod</strong></span> <span class='ocrx_word' id='word_1_242' title='bbox 785 4336 957 4386; x_wconf 78' lang='lat' dir='ltr'><strong>genus</strong></span> <span class='ocrx_word' id='word_1_243' title='bbox 991 4324 1269 4388; x_wconf 74' lang='lat' dir='ltr'><strong>elegantia</strong></span> <span class='ocrx_word' id='word_1_244' title='bbox 1302 4325 1439 4375; x_wconf 82' lang='lat' dir='ltr'><strong>artis</strong></span> <span class='ocrx_word' id='word_1_245' title='bbox 1474 4325 1694 4388; x_wconf 81' lang='lat' dir='ltr'><strong>respuit.</strong></span> 
     </span>
    </p>
   </div>
  </div>
 </body>
</html>
