<?xml version="1.0" encoding="UTF-8"?>
<!DOCTYPE html PUBLIC "-//W3C//DTD XHTML 1.0 Transitional//EN"
    "http://www.w3.org/TR/xhtml1/DTD/xhtml1-transitional.dtd">
<html xmlns="http://www.w3.org/1999/xhtml" xml:lang="en" lang="en">
 <head>
  <title>
</title>
<meta http-equiv="Content-Type" content="text/html;charset=utf-8" />
  <meta name='ocr-system' content='tesseract 3.04.00' />
  <meta name='ocr-capabilities' content='ocr_page ocr_carea ocr_par ocr_line ocrx_word'/>
</head>
<body>
  <div class='ocr_page' id='page_1' title='image "./tmacciplauticom03ritsgoog_0771.png"; bbox 0 0 2824 4890; ppageno 0'>
   <div class='ocr_carea' id='block_1_1' title="bbox 2241 384 2336 446">
    <p class='ocr_par' dir='ltr' id='par_1_1' title="bbox 2241 384 2336 446">
     <span class='ocr_line' id='line_1_1' title="bbox 2241 384 2336 446; baseline 0 0"><span class='ocrx_word' id='word_1_1' title='bbox 2241 384 2336 446; x_wconf 80' lang='lat' dir='ltr'><strong>xl</strong></span> 
     </span>
    </p>
   </div>
   <div class='ocr_carea' id='block_1_2' title="bbox 136 566 2371 4363">
    <p class='ocr_par' dir='ltr' id='par_1_2' title="bbox 136 566 2344 1855">
     <span class='ocr_line' id='line_1_2' title="bbox 139 566 2336 647; baseline 0 -16"><span class='ocrx_word' id='word_1_2' title='bbox 139 570 238 631; x_wconf 85' lang='lat' dir='ltr'><strong>vel</strong></span> <span class='ocrx_word' id='word_1_3' title='bbox 285 587 441 632; x_wconf 79' lang='lat' dir='ltr'><strong>sana</strong></span> <span class='ocrx_word' id='word_1_4' title='bbox 490 569 596 631; x_wconf 85' lang='lat' dir='ltr'><strong>vel</strong></span> <span class='ocrx_word' id='word_1_5' title='bbox 642 567 989 630; x_wconf 81' lang='lat' dir='ltr'><strong>tolerabilia</strong></span> <span class='ocrx_word' id='word_1_6' title='bbox 1037 583 1185 630; x_wconf 87' lang='lat' dir='ltr'><strong>esse</strong></span> <span class='ocrx_word' id='word_1_7' title='bbox 1228 566 1588 629; x_wconf 71' lang='lat' dir='ltr'><strong>certissime</strong></span> <span class='ocrx_word' id='word_1_8' title='bbox 1629 574 1972 647; x_wconf 82' lang='lat' dir='ltr'><strong>constaret,</strong></span> <span class='ocrx_word' id='word_1_9' title='bbox 2019 578 2128 630; x_wconf 89' lang='lat' dir='ltr'><strong>aut</strong></span> <span class='ocrx_word' id='word_1_10' title='bbox 2168 567 2336 632; x_wconf 85' lang='lat' dir='ltr'><strong>libe-</strong></span> 
     </span>
     <span class='ocr_line' id='line_1_3' title="bbox 136 702 2336 786; baseline 0.001 -23"><span class='ocrx_word' id='word_1_11' title='bbox 136 703 313 764; x_wconf 88' lang='lat' dir='ltr'><strong>rioris</strong></span> <span class='ocrx_word' id='word_1_12' title='bbox 369 703 772 764; x_wconf 82' lang='lat' dir='ltr'><strong>coniecturae</strong></span> <span class='ocrx_word' id='word_1_13' title='bbox 829 722 950 783; x_wconf 83' lang='lat' dir='ltr'><strong>ope</strong></span> <span class='ocrx_word' id='word_1_14' title='bbox 1010 721 1088 765; x_wconf 90' lang='lat' dir='ltr'><strong>ea</strong></span> <span class='ocrx_word' id='word_1_15' title='bbox 1142 702 1592 765; x_wconf 76' lang='lat' dir='ltr'><strong>substituenda</strong></span> <span class='ocrx_word' id='word_1_16' title='bbox 1655 720 1825 784; x_wconf 81' lang='lat' dir='ltr'><strong>quae</strong></span> <span class='ocrx_word' id='word_1_17' title='bbox 1886 720 2005 767; x_wconf 89' lang='lat' dir='ltr'><strong>nec</strong></span> <span class='ocrx_word' id='word_1_18' title='bbox 2075 702 2336 786; x_wconf 79' lang='lat' dir='ltr'><strong>indigna</strong></span> 
     </span>
     <span class='ocr_line' id='line_1_4' title="bbox 137 833 2342 901; baseline 0.001 -3"><span class='ocrx_word' id='word_1_19' title='bbox 137 835 366 898; x_wconf 84' lang='lat' dir='ltr'><strong>Plauto</strong></span> <span class='ocrx_word' id='word_1_20' title='bbox 408 843 473 898; x_wconf 90' lang='lat' dir='ltr'><strong>et</strong></span> <span class='ocrx_word' id='word_1_21' title='bbox 518 853 558 897; x_wconf 90' lang='lat' dir='ltr'><strong>a</strong></span> <span class='ocrx_word' id='word_1_22' title='bbox 597 834 893 896; x_wconf 87' lang='lat' dir='ltr'><strong>librorum</strong></span> <span class='ocrx_word' id='word_1_23' title='bbox 940 833 1068 896; x_wconf 83' lang='lat' dir='ltr'><strong>flde</strong></span> <span class='ocrx_word' id='word_1_24' title='bbox 1114 853 1236 896; x_wconf 90' lang='lat' dir='ltr'><strong>non</strong></span> <span class='ocrx_word' id='word_1_25' title='bbox 1281 835 1465 897; x_wconf 87' lang='lat' dir='ltr'><strong>nimis</strong></span> <span class='ocrx_word' id='word_1_26' title='bbox 1510 835 1717 898; x_wconf 88' lang='lat' dir='ltr'><strong>aliena</strong></span> <span class='ocrx_word' id='word_1_27' title='bbox 1760 834 2167 901; x_wconf 73' lang='lat' dir='ltr'><strong>viderenturx</strong></span> <span class='ocrx_word' id='word_1_28' title='bbox 2221 854 2342 900; x_wconf 87' lang='lat' dir='ltr'><strong>nos</strong></span> 
     </span>
     <span class='ocr_line' id='line_1_5' title="bbox 138 964 2339 1049; baseline 0.001 -21"><span class='ocrx_word' id='word_1_29' title='bbox 138 964 386 1048; x_wconf 83' lang='lat' dir='ltr'><strong>quidem</strong></span> <span class='ocrx_word' id='word_1_30' title='bbox 430 973 500 1026; x_wconf 84' lang='lat' dir='ltr'><strong>et</strong></span> <span class='ocrx_word' id='word_1_31' title='bbox 540 964 1041 1027; x_wconf 81' lang='lat' dir='ltr'><strong>membranarum</strong></span> <span class='ocrx_word' id='word_1_32' title='bbox 1084 965 1302 1026; x_wconf 83' lang='lat' dir='ltr'><strong>illuvie</strong></span> <span class='ocrx_word' id='word_1_33' title='bbox 1344 982 1499 1027; x_wconf 89' lang='lat' dir='ltr'><strong>sese</strong></span> <span class='ocrx_word' id='word_1_34' title='bbox 1541 965 2071 1049; x_wconf 77' lang='lat' dir='ltr'><strong>ingurgitantium</strong></span> <span class='ocrx_word' id='word_1_35' title='bbox 2104 969 2339 1032; x_wconf 85' lang='lat' dir='ltr'><strong>vitioso</strong></span> 
     </span>
     <span class='ocr_line' id='line_1_6' title="bbox 142 1095 2339 1181; baseline 0 -19"><span class='ocrx_word' id='word_1_36' title='bbox 142 1099 445 1181; x_wconf 80' lang='lat' dir='ltr'><strong>appetitui</strong></span> <span class='ocrx_word' id='word_1_37' title='bbox 488 1105 557 1159; x_wconf 83' lang='lat' dir='ltr'><strong>et</strong></span> <span class='ocrx_word' id='word_1_38' title='bbox 593 1096 923 1159; x_wconf 74' lang='lat' dir='ltr'><strong>lautiorem</strong></span> <span class='ocrx_word' id='word_1_39' title='bbox 967 1097 1122 1159; x_wconf 87' lang='lat' dir='ltr'><strong>artis</strong></span> <span class='ocrx_word' id='word_1_40' title='bbox 1168 1095 1534 1160; x_wconf 81' lang='lat' dir='ltr'><strong>munditiem</strong></span> <span class='ocrx_word' id='word_1_41' title='bbox 1580 1099 2166 1180; x_wconf 84' lang='lat' dir='ltr'><strong>concupiscentium</strong></span> <span class='ocrx_word' id='word_1_42' title='bbox 2212 1099 2339 1163; x_wconf 87' lang='lat' dir='ltr'><strong>ho·-</strong></span> 
     </span>
     <span class='ocr_line' id='line_1_7' title="bbox 141 1217 2339 1314; baseline 0 -20"><span class='ocrx_word' id='word_1_43' title='bbox 141 1229 338 1294; x_wconf 75' lang='lat' dir='ltr'><strong>nestis</strong></span> <span class='ocrx_word' id='word_1_44' title='bbox 381 1227 717 1292; x_wconf 73' lang='lat' dir='ltr'><strong>desideriis</strong></span> <span class='ocrx_word' id='word_1_45' title='bbox 758 1230 946 1290; x_wconf 85' lang='lat' dir='ltr'><strong>simul</strong></span> <span class='ocrx_word' id='word_1_46' title='bbox 994 1228 1119 1290; x_wconf 87' lang='lat' dir='ltr'><strong>bec</strong></span> <span class='ocrx_word' id='word_1_47' title='bbox 1160 1217 1430 1292; x_wconf 81' lang='lat' dir='ltr'><strong>artificio</strong></span> <span class='ocrx_word' id='word_1_48' title='bbox 1473 1231 1940 1314; x_wconf 85' lang='lat' dir='ltr'><strong>consuluimus,</strong></span> <span class='ocrx_word' id='word_1_49' title='bbox 1986 1242 2058 1294; x_wconf 84' lang='lat' dir='ltr'><strong>ut</strong></span> <span class='ocrx_word' id='word_1_50' title='bbox 2098 1231 2339 1295; x_wconf 88' lang='lat' dir='ltr'><strong>libera-</strong></span> 
     </span>
     <span class='ocr_line' id='line_1_8' title="bbox 142 1360 2339 1442; baseline 0.004 -20"><span class='ocrx_word' id='word_1_51' title='bbox 142 1362 277 1425; x_wconf 82' lang='lat' dir='ltr'><strong>liter</strong></span> <span class='ocrx_word' id='word_1_52' title='bbox 321 1360 650 1424; x_wconf 84' lang='lat' dir='ltr'><strong>instaurati</strong></span> <span class='ocrx_word' id='word_1_53' title='bbox 694 1369 926 1442; x_wconf 80' lang='lat' dir='ltr'><strong>poetae</strong></span> <span class='ocrx_word' id='word_1_54' title='bbox 969 1361 1267 1441; x_wconf 81' lang='lat' dir='ltr'><strong>exemplo</strong></span> <span class='ocrx_word' id='word_1_55' title='bbox 1310 1364 1772 1428; x_wconf 83' lang='lat' dir='ltr'><strong>subiiceremus</strong></span> <span class='ocrx_word' id='word_1_56' title='bbox 1821 1367 1884 1428; x_wconf 89' lang='lat' dir='ltr'><strong>in</strong></span> <span class='ocrx_word' id='word_1_57' title='bbox 1926 1368 2339 1431; x_wconf 73' lang='lat' dir='ltr'><strong>annotatione</strong></span> 
     </span>
     <span class='ocr_line' id='line_1_9' title="bbox 142 1496 2344 1582; baseline 0.001 -22"><span class='ocrx_word' id='word_1_58' title='bbox 142 1517 260 1560; x_wconf 90' lang='lat' dir='ltr'><strong>non</strong></span> <span class='ocrx_word' id='word_1_59' title='bbox 299 1499 552 1579; x_wconf 81' lang='lat' dir='ltr'><strong>singula</strong></span> <span class='ocrx_word' id='word_1_60' title='bbox 594 1497 987 1559; x_wconf 69' lang='lat' dir='ltr'><strong>librariorum</strong></span> <span class='ocrx_word' id='word_1_61' title='bbox 1030 1507 1329 1577; x_wconf 79' lang='lat' dir='ltr'><strong>peccata,</strong></span> <span class='ocrx_word' id='word_1_62' title='bbox 1374 1496 1492 1559; x_wconf 85' lang='lat' dir='ltr'><strong>sed</strong></span> <span class='ocrx_word' id='word_1_63' title='bbox 1538 1499 1834 1582; x_wconf 86' lang='lat' dir='ltr'><strong>integrae</strong></span> <span class='ocrx_word' id='word_1_64' title='bbox 1884 1517 2124 1563; x_wconf 83' lang='lat' dir='ltr'><strong>scenae</strong></span> <span class='ocrx_word' id='word_1_65' title='bbox 2177 1517 2344 1576; x_wconf 58' lang='lat' dir='ltr'><strong>con-2</strong></span> 
     </span>
     <span class='ocr_line' id='line_1_10' title="bbox 145 1632 2343 1715; baseline -0.001 -16"><span class='ocrx_word' id='word_1_66' title='bbox 145 1638 488 1701; x_wconf 82' lang='lat' dir='ltr'><strong>tinuitatem</strong></span> <span class='ocrx_word' id='word_1_67' title='bbox 537 1657 576 1699; x_wconf 90' lang='lat' dir='ltr'><strong>e</strong></span> <span class='ocrx_word' id='word_1_68' title='bbox 620 1637 864 1699; x_wconf 82' lang='lat' dir='ltr'><strong>Vetere</strong></span> <span class='ocrx_word' id='word_1_69' title='bbox 908 1634 1137 1698; x_wconf 90' lang='lat' dir='ltr'><strong>codice</strong></span> <span class='ocrx_word' id='word_1_70' title='bbox 1179 1650 1597 1714; x_wconf 78' lang='lat' dir='ltr'><strong>expressam:</strong></span> <span class='ocrx_word' id='word_1_71' title='bbox 1665 1632 1859 1715; x_wconf 87' lang='lat' dir='ltr'><strong>idque</strong></span> <span class='ocrx_word' id='word_1_72' title='bbox 1902 1634 2236 1697; x_wconf 87' lang='lat' dir='ltr'><strong>consilium</strong></span> <span class='ocrx_word' id='word_1_73' title='bbox 2280 1633 2343 1696; x_wconf 91' lang='lat' dir='ltr'><strong>in</strong></span> 
     </span>
     <span class='ocr_line' id='line_1_11' title="bbox 153 1772 894 1855; baseline -0.003 -19"><span class='ocrx_word' id='word_1_74' title='bbox 153 1784 470 1855; x_wconf 83' lang='lat' dir='ltr'><strong>posterum</strong></span> <span class='ocrx_word' id='word_1_75' title='bbox 515 1772 894 1835; x_wconf 74' lang='lat' dir='ltr'><strong>tenebimus.</strong></span> 
     </span>
    </p>

    <p class='ocr_par' dir='ltr' id='par_1_3' title="bbox 148 1900 2360 3317">
     <span class='ocr_line' id='line_1_12' title="bbox 297 1900 2336 1988; baseline -0.004 -18"><span class='ocrx_word' id='word_1_76' title='bbox 297 1905 489 1985; x_wconf 74' lang='lat' dir='ltr'><strong>Quod</strong></span> <span class='ocrx_word' id='word_1_77' title='bbox 538 1916 749 1969; x_wconf 79' lang='lat' dir='ltr'><strong>antem</strong></span> <span class='ocrx_word' id='word_1_78' title='bbox 793 1907 873 1970; x_wconf 90' lang='lat' dir='ltr'><strong>de</strong></span> <span class='ocrx_word' id='word_1_79' title='bbox 917 1908 1304 1971; x_wconf 76' lang='lat' dir='ltr'><strong>canticorum</strong></span> <span class='ocrx_word' id='word_1_80' title='bbox 1333 1904 1739 1988; x_wconf 75' lang='lat' dir='ltr'><strong>probabiliter</strong></span> <span class='ocrx_word' id='word_1_81' title='bbox 1767 1900 2336 1966; x_wconf 86' lang='lat' dir='ltr'><strong>describendorum</strong></span> 
     </span>
     <span class='ocr_line' id='line_1_13' title="bbox 151 2035 2346 2123; baseline -0.002 -21"><span class='ocrx_word' id='word_1_82' title='bbox 151 2040 294 2103; x_wconf 81' lang='lat' dir='ltr'><strong>mira</strong></span> <span class='ocrx_word' id='word_1_83' title='bbox 319 2059 524 2122; x_wconf 79' lang='lat' dir='ltr'><strong>saepe</strong></span> <span class='ocrx_word' id='word_1_84' title='bbox 552 2040 973 2121; x_wconf 81' lang='lat' dir='ltr'><strong>ambiguitate</strong></span> <span class='ocrx_word' id='word_1_85' title='bbox 1002 2039 1160 2120; x_wconf 84' lang='lat' dir='ltr'><strong>dixi,</strong></span> <span class='ocrx_word' id='word_1_86' title='bbox 1203 2039 1262 2103; x_wconf 91' lang='lat' dir='ltr'><strong>id</strong></span> <span class='ocrx_word' id='word_1_87' title='bbox 1291 2039 1524 2123; x_wconf 76' lang='lat' dir='ltr'><strong>insigni</strong></span> <span class='ocrx_word' id='word_1_88' title='bbox 1568 2038 1946 2103; x_wconf 88' lang='lat' dir='ltr'><strong>documento</strong></span> <span class='ocrx_word' id='word_1_89' title='bbox 1988 2053 2160 2100; x_wconf 90' lang='lat' dir='ltr'><strong>nunc</strong></span> <span class='ocrx_word' id='word_1_90' title='bbox 2202 2035 2346 2117; x_wconf 83' lang='lat' dir='ltr'><strong>ipse</strong></span> 
     </span>
     <span class='ocr_line' id='line_1_14' title="bbox 149 2171 2347 2255; baseline -0.002 -21"><span class='ocrx_word' id='word_1_91' title='bbox 149 2176 478 2255; x_wconf 82' lang='lat' dir='ltr'><strong>experior,</strong></span> <span class='ocrx_word' id='word_1_92' title='bbox 533 2190 675 2235; x_wconf 89' lang='lat' dir='ltr'><strong>cum</strong></span> <span class='ocrx_word' id='word_1_93' title='bbox 741 2189 856 2234; x_wconf 92' lang='lat' dir='ltr'><strong>eos</strong></span> <span class='ocrx_word' id='word_1_94' title='bbox 897 2189 1128 2234; x_wconf 85' lang='lat' dir='ltr'><strong>versus</strong></span> <span class='ocrx_word' id='word_1_95' title='bbox 1167 2171 1391 2250; x_wconf 78' lang='lat' dir='ltr'><strong>relego</strong></span> <span class='ocrx_word' id='word_1_96' title='bbox 1434 2171 1660 2252; x_wconf 81' lang='lat' dir='ltr'><strong>quibus</strong></span> <span class='ocrx_word' id='word_1_97' title='bbox 1698 2180 1887 2233; x_wconf 83' lang='lat' dir='ltr'><strong>actus</strong></span> <span class='ocrx_word' id='word_1_98' title='bbox 1930 2187 2022 2233; x_wconf 77' lang='lat' dir='ltr'><strong>iv.</strong></span> <span class='ocrx_word' id='word_1_99' title='bbox 2063 2186 2263 2232; x_wconf 88' lang='lat' dir='ltr'><strong>scena</strong></span> <span class='ocrx_word' id='word_1_100' title='bbox 2305 2187 2347 2229; x_wconf 87' lang='lat' dir='ltr'><strong>e</strong></span> 
     </span>
     <span class='ocr_line' id='line_1_15' title="bbox 148 2300 2344 2388; baseline -0.002 -22"><span class='ocrx_word' id='word_1_101' title='bbox 148 2306 395 2388; x_wconf 83' lang='lat' dir='ltr'><strong>vulgari</strong></span> <span class='ocrx_word' id='word_1_102' title='bbox 437 2302 803 2367; x_wconf 86' lang='lat' dir='ltr'><strong>numerandi</strong></span> <span class='ocrx_word' id='word_1_103' title='bbox 846 2305 1094 2365; x_wconf 86' lang='lat' dir='ltr'><strong>ratione</strong></span> <span class='ocrx_word' id='word_1_104' title='bbox 1138 2302 1386 2363; x_wconf 82' lang='lat' dir='ltr'><strong>decima</strong></span> <span class='ocrx_word' id='word_1_105' title='bbox 1433 2310 1711 2364; x_wconf 82' lang='lat' dir='ltr'><strong>constat.</strong></span> <span class='ocrx_word' id='word_1_106' title='bbox 1801 2300 2012 2379; x_wconf 81' lang='lat' dir='ltr'><strong>Quam</strong></span> <span class='ocrx_word' id='word_1_107' title='bbox 2055 2318 2198 2362; x_wconf 92' lang='lat' dir='ltr'><strong>cum</strong></span> <span class='ocrx_word' id='word_1_108' title='bbox 2240 2300 2344 2362; x_wconf 84' lang='lat' dir='ltr'><strong>al·</strong></span> 
     </span>
     <span class='ocr_line' id='line_1_16' title="bbox 152 2429 2346 2514; baseline -0.003 -16"><span class='ocrx_word' id='word_1_109' title='bbox 152 2438 338 2500; x_wconf 86' lang='lat' dir='ltr'><strong>ternis</strong></span> <span class='ocrx_word' id='word_1_110' title='bbox 400 2436 742 2499; x_wconf 74' lang='lat' dir='ltr'><strong>octonariis</strong></span> <span class='ocrx_word' id='word_1_111' title='bbox 799 2433 1316 2514; x_wconf 77' lang='lat' dir='ltr'><strong>septenariisque</strong></span> <span class='ocrx_word' id='word_1_112' title='bbox 1361 2434 1766 2496; x_wconf 83' lang='lat' dir='ltr'><strong>Hermannus</strong></span> <span class='ocrx_word' id='word_1_113' title='bbox 1811 2434 1959 2494; x_wconf 90' lang='lat' dir='ltr'><strong>olim</strong></span> <span class='ocrx_word' id='word_1_114' title='bbox 2005 2450 2043 2493; x_wconf 79' lang='lat' dir='ltr'><strong>a</strong></span> <span class='ocrx_word' id='word_1_115' title='bbox 2090 2450 2164 2493; x_wconf 92' lang='lat' dir='ltr'><strong>se</strong></span> <span class='ocrx_word' id='word_1_116' title='bbox 2203 2429 2346 2493; x_wconf 83' lang='lat' dir='ltr'><strong>dis-</strong></span> 
     </span>
     <span class='ocr_line' id='line_1_17' title="bbox 152 2562 2344 2650; baseline -0.004 -18"><span class='ocrx_word' id='word_1_117' title='bbox 152 2572 413 2650; x_wconf 79' lang='lat' dir='ltr'><strong>positam</strong></span> <span class='ocrx_word' id='word_1_118' title='bbox 455 2589 657 2650; x_wconf 82' lang='lat' dir='ltr'><strong>nuper</strong></span> <span class='ocrx_word' id='word_1_119' title='bbox 690 2569 1017 2632; x_wconf 70' lang='lat' dir='ltr'><strong>maluisset</strong></span> <span class='ocrx_word' id='word_1_120' title='bbox 1049 2567 1208 2629; x_wconf 88' lang='lat' dir='ltr'><strong>solis</strong></span> <span class='ocrx_word' id='word_1_121' title='bbox 1246 2565 1592 2629; x_wconf 79' lang='lat' dir='ltr'><strong>octonariis</strong></span> <span class='ocrx_word' id='word_1_122' title='bbox 1622 2565 1959 2626; x_wconf 81' lang='lat' dir='ltr'><strong>decurrere</strong></span> <span class='ocrx_word' id='word_1_123' title='bbox 1997 2562 2344 2625; x_wconf 87' lang='lat' dir='ltr'><strong>secundum</strong></span> 
     </span>
     <span class='ocr_line' id='line_1_18' title="bbox 152 2697 2350 2785; baseline -0.002 -19"><span class='ocrx_word' id='word_1_124' title='bbox 152 2723 347 2768; x_wconf 82' lang='lat' dir='ltr'><strong>meam</strong></span> <span class='ocrx_word' id='word_1_125' title='bbox 395 2705 803 2785; x_wconf 87' lang='lat' dir='ltr'><strong>sententiam,</strong></span> <span class='ocrx_word' id='word_1_126' title='bbox 848 2704 971 2767; x_wconf 90' lang='lat' dir='ltr'><strong>boc</strong></span> <span class='ocrx_word' id='word_1_127' title='bbox 1006 2720 1133 2784; x_wconf 85' lang='lat' dir='ltr'><strong>ego</strong></span> <span class='ocrx_word' id='word_1_128' title='bbox 1162 2702 1309 2765; x_wconf 84' lang='lat' dir='ltr'><strong>mibi</strong></span> <span class='ocrx_word' id='word_1_129' title='bbox 1337 2700 1694 2763; x_wconf 76' lang='lat' dir='ltr'><strong>confirmari</strong></span> <span class='ocrx_word' id='word_1_130' title='bbox 1724 2717 1961 2783; x_wconf 81' lang='lat' dir='ltr'><strong>passus</strong></span> <span class='ocrx_word' id='word_1_131' title='bbox 1990 2700 2050 2761; x_wconf 89' lang='lat' dir='ltr'><strong>in</strong></span> <span class='ocrx_word' id='word_1_132' title='bbox 2076 2697 2350 2761; x_wconf 84' lang='lat' dir='ltr'><strong>editione</strong></span> 
     </span>
     <span class='ocr_line' id='line_1_19' title="bbox 152 2828 2349 2899; baseline -0.005 0"><span class='ocrx_word' id='word_1_133' title='bbox 152 2835 265 2899; x_wconf 80' lang='lat' dir='ltr'><strong>iam</strong></span> <span class='ocrx_word' id='word_1_134' title='bbox 308 2854 545 2899; x_wconf 86' lang='lat' dir='ltr'><strong>vereor</strong></span> <span class='ocrx_word' id='word_1_135' title='bbox 585 2855 665 2898; x_wconf 90' lang='lat' dir='ltr'><strong>ne</strong></span> <span class='ocrx_word' id='word_1_136' title='bbox 713 2836 951 2897; x_wconf 88' lang='lat' dir='ltr'><strong>rectius</strong></span> <span class='ocrx_word' id='word_1_137' title='bbox 999 2841 1366 2896; x_wconf 80' lang='lat' dir='ltr'><strong>recusatum</strong></span> <span class='ocrx_word' id='word_1_138' title='bbox 1409 2851 1450 2893; x_wconf 87' lang='lat' dir='ltr'><strong>a</strong></span> <span class='ocrx_word' id='word_1_139' title='bbox 1480 2849 1584 2893; x_wconf 91' lang='lat' dir='ltr'><strong>me</strong></span> <span class='ocrx_word' id='word_1_140' title='bbox 1613 2829 1850 2894; x_wconf 83' lang='lat' dir='ltr'><strong>detecti</strong></span> <span class='ocrx_word' id='word_1_141' title='bbox 1876 2830 2013 2894; x_wconf 85' lang='lat' dir='ltr'><strong>veri</strong></span> <span class='ocrx_word' id='word_1_142' title='bbox 2040 2828 2349 2891; x_wconf 87' lang='lat' dir='ltr'><strong>bonorem</strong></span> 
     </span>
     <span class='ocr_line' id='line_1_20' title="bbox 158 2963 2354 3051; baseline -0.004 -18"><span class='ocrx_word' id='word_1_143' title='bbox 158 2973 415 3051; x_wconf 82' lang='lat' dir='ltr'><strong>pristino</strong></span> <span class='ocrx_word' id='word_1_144' title='bbox 460 2970 808 3032; x_wconf 79' lang='lat' dir='ltr'><strong>Hermanni</strong></span> <span class='ocrx_word' id='word_1_145' title='bbox 849 2969 1065 3032; x_wconf 89' lang='lat' dir='ltr'><strong>sensui</strong></span> <span class='ocrx_word' id='word_1_146' title='bbox 1109 2967 1469 3029; x_wconf 80' lang='lat' dir='ltr'><strong>retribuam.</strong></span> <span class='ocrx_word' id='word_1_147' title='bbox 1555 2965 1702 3027; x_wconf 90' lang='lat' dir='ltr'><strong>Nisi</strong></span> <span class='ocrx_word' id='word_1_148' title='bbox 1747 2963 1913 3047; x_wconf 88' lang='lat' dir='ltr'><strong>quod</strong></span> <span class='ocrx_word' id='word_1_149' title='bbox 1941 2963 2109 3027; x_wconf 83' lang='lat' dir='ltr'><strong>band</strong></span> <span class='ocrx_word' id='word_1_150' title='bbox 2142 2964 2354 3044; x_wconf 82' lang='lat' dir='ltr'><strong>paullo</strong></span> 
     </span>
     <span class='ocr_line' id='line_1_21' title="bbox 158 3097 2360 3185; baseline -0.003 -19"><span class='ocrx_word' id='word_1_151' title='bbox 158 3111 496 3185; x_wconf 79' lang='lat' dir='ltr'><strong>maiorem,</strong></span> <span class='ocrx_word' id='word_1_152' title='bbox 558 3121 747 3184; x_wconf 81' lang='lat' dir='ltr'><strong>quam</strong></span> <span class='ocrx_word' id='word_1_153' title='bbox 791 3104 853 3164; x_wconf 92' lang='lat' dir='ltr'><strong>in</strong></span> <span class='ocrx_word' id='word_1_154' title='bbox 901 3120 1025 3184; x_wconf 83' lang='lat' dir='ltr'><strong>qua</strong></span> <span class='ocrx_word' id='word_1_155' title='bbox 1071 3100 1174 3163; x_wconf 87' lang='lat' dir='ltr'><strong>ille</strong></span> <span class='ocrx_word' id='word_1_156' title='bbox 1215 3099 1630 3182; x_wconf 83' lang='lat' dir='ltr'><strong>acquieverat</strong></span> <span class='ocrx_word' id='word_1_157' title='bbox 1668 3098 1729 3160; x_wconf 92' lang='lat' dir='ltr'><strong>in</strong></span> <span class='ocrx_word' id='word_1_158' title='bbox 1773 3097 2150 3178; x_wconf 76' lang='lat' dir='ltr'><strong>Elementis,</strong></span> <span class='ocrx_word' id='word_1_159' title='bbox 2195 3114 2360 3160; x_wconf 87' lang='lat' dir='ltr'><strong>con-</strong></span> 
     </span>
     <span class='ocr_line' id='line_1_22' title="bbox 159 3235 1241 3317; baseline -0.001 -19"><span class='ocrx_word' id='word_1_160' title='bbox 159 3240 519 3301; x_wconf 84' lang='lat' dir='ltr'><strong>cinnitatem</strong></span> <span class='ocrx_word' id='word_1_161' title='bbox 568 3237 874 3317; x_wconf 89' lang='lat' dir='ltr'><strong>consequi</strong></span> <span class='ocrx_word' id='word_1_162' title='bbox 918 3235 1015 3295; x_wconf 91' lang='lat' dir='ltr'><strong>sic</strong></span> <span class='ocrx_word' id='word_1_163' title='bbox 1057 3235 1241 3296; x_wconf 83' lang='lat' dir='ltr'><strong>licet:</strong></span> 
     </span>
    </p>

    <p class='ocr_par' dir='ltr' id='par_1_4' title="bbox 162 3362 2362 3572">
     <span class='ocr_line' id='line_1_23' title="bbox 162 3362 2362 3455; baseline -0.008 -13"><span class='ocrx_word' id='word_1_164' title='bbox 162 3377 363 3453; x_wconf 75' lang='lat' dir='ltr'><strong>Quam</strong></span> <span class='ocrx_word' id='word_1_165' title='bbox 405 3378 615 3455; x_wconf 71' lang='lat' dir='ltr'><strong>ma&#39;qis</strong></span> <span class='ocrx_word' id='word_1_166' title='bbox 656 3380 727 3437; x_wconf 75' lang='lat' dir='ltr'><strong>in</strong></span> <span class='ocrx_word' id='word_1_167' title='bbox 767 3380 1025 3453; x_wconf 75' lang='lat' dir='ltr'><strong>pectore</strong></span> <span class='ocrx_word' id='word_1_168' title='bbox 1065 3362 1206 3431; x_wconf 62' lang='lat' dir='ltr'><strong>meo</strong></span> <span class='ocrx_word' id='word_1_169' title='bbox 1238 3375 1450 3451; x_wconf 67' lang='lat' dir='ltr'><strong>foveo,</strong></span> <span class='ocrx_word' id='word_1_170' title='bbox 1490 3388 1658 3448; x_wconf 72' lang='lat' dir='ltr'><strong>quae</strong></span> <span class='ocrx_word' id='word_1_171' title='bbox 1693 3366 1875 3428; x_wconf 52' lang='lat' dir='ltr'><strong>moiun</strong></span> <span class='ocrx_word' id='word_1_172' title='bbox 1911 3367 2089 3445; x_wconf 75' lang='lat' dir='ltr'><strong>filius</strong></span> <span class='ocrx_word' id='word_1_173' title='bbox 2132 3367 2362 3426; x_wconf 65' lang='lat' dir='ltr'><strong>tur-bd:</strong></span> 
     </span>
     <span class='ocr_line' id='line_1_24' title="bbox 1480 3502 1707 3572; baseline -0.013 -10"><span class='ocrx_word' id='word_1_174' title='bbox 1480 3502 1707 3572; x_wconf 75' lang='lat' dir='ltr'><strong>turbet,</strong></span> 
     </span>
    </p>

    <p class='ocr_par' dir='ltr' id='par_1_5' title="bbox 322 3630 2355 3720">
     <span class='ocr_line' id='line_1_25' title="bbox 322 3630 2355 3720; baseline -0.008 -13"><span class='ocrx_word' id='word_1_175' title='bbox 322 3644 532 3720; x_wconf 71' lang='grc' dir='ltr'><strong><em>θααηι</em></strong></span> <span class='ocrx_word' id='word_1_176' title='bbox 586 3664 660 3706; x_wconf 77' lang='lat' dir='ltr'><strong>se</strong></span> <span class='ocrx_word' id='word_1_177' title='bbox 714 3645 805 3703; x_wconf 73' lang='lat' dir='ltr'><strong>dd</strong></span> <span class='ocrx_word' id='word_1_178' title='bbox 855 3644 1057 3703; x_wconf 76' lang='lat' dir='ltr'><strong>uitam</strong></span> <span class='ocrx_word' id='word_1_179' title='bbox 1108 3646 1172 3702; x_wconf 79' lang='lat' dir='ltr'><strong>et</strong></span> <span class='ocrx_word' id='word_1_180' title='bbox 1215 3656 1373 3717; x_wconf 75' lang='lat' dir='ltr'><strong>quos</strong></span> <span class='ocrx_word' id='word_1_181' title='bbox 1420 3636 1510 3695; x_wconf 72' lang='lat' dir='ltr'><strong>dd</strong></span> <span class='ocrx_word' id='word_1_182' title='bbox 1547 3653 1757 3693; x_wconf 77' lang='lat' dir='ltr'><strong>mores</strong></span> <span class='ocrx_word' id='word_1_183' title='bbox 1789 3630 2203 3711; x_wconf 73' lang='lat' dir='ltr'><strong>praecipitem</strong></span> <span class='ocrx_word' id='word_1_184' title='bbox 2245 3634 2355 3692; x_wconf 74' lang='lat' dir='ltr'><strong>in-</strong></span> 
     </span>
    </p>

    <p class='ocr_par' dir='ltr' id='par_1_6' title="bbox 172 3767 2371 4112">
     <span class='ocr_line' id='line_1_26' title="bbox 1489 3767 2078 3845; baseline -0.005 -15"><span class='ocrx_word' id='word_1_185' title='bbox 1489 3773 1695 3831; x_wconf 76' lang='lat' dir='ltr'><strong>scitus</strong></span> <span class='ocrx_word' id='word_1_186' title='bbox 1737 3767 2078 3845; x_wconf 59' lang='lat' dir='ltr'><strong>capessat.-</strong></span> 
     </span>
     <span class='ocr_line' id='line_1_27' title="bbox 172 3902 2371 3989; baseline -0.007 -16"><span class='ocrx_word' id='word_1_187' title='bbox 172 3910 389 3989; x_wconf 64' lang='grc' dir='ltr'><em>Μαρία</em></span> <span class='ocrx_word' id='word_1_188' title='bbox 431 3910 695 3972; x_wconf 69' lang='lat' dir='ltr'><strong>cair-aest</strong></span> <span class='ocrx_word' id='word_1_189' title='bbox 732 3912 1065 3988; x_wconf 62' lang='lat' dir='ltr'><strong>magisque</strong></span> <span class='ocrx_word' id='word_1_190' title='bbox 1116 3902 1474 3985; x_wconf 67' lang='lat' dir='ltr'><strong>adfdrmido</strong></span> <span class='ocrx_word' id='word_1_191' title='bbox 1487 3947 1507 3977; x_wconf 88' lang='lat'>‚</span> <span class='ocrx_word' id='word_1_192' title='bbox 1563 3922 1647 3964; x_wconf 78' lang='lat' dir='ltr'><strong>ne</strong></span> <span class='ocrx_word' id='word_1_193' title='bbox 1686 3907 1747 3964; x_wconf 72' lang='lat' dir='ltr'><strong>is</strong></span> <span class='ocrx_word' id='word_1_194' title='bbox 1781 3902 2009 3981; x_wconf 64' lang='lat' dir='ltr'><strong>pir-eat</strong></span> <span class='ocrx_word' id='word_1_195' title='bbox 2050 3917 2176 3960; x_wconf 79' lang='lat' dir='ltr'><strong>neu</strong></span> <span class='ocrx_word' id='word_1_196' title='bbox 2220 3916 2371 3957; x_wconf 81' lang='lat' dir='ltr'><strong>cor-</strong></span> 
     </span>
     <span class='ocr_line' id='line_1_28' title="bbox 1496 4035 1852 4112; baseline -0.014 -14"><span class='ocrx_word' id='word_1_197' title='bbox 1496 4035 1852 4112; x_wconf 50' lang='lat' dir='ltr'><strong>rumpatur.</strong></span> 
     </span>
    </p>

    <p class='ocr_par' dir='ltr' id='par_1_7' title="bbox 333 4163 2364 4255">
     <span class='ocr_line' id='line_1_29' title="bbox 333 4163 2364 4255; baseline -0.007 -17"><span class='ocrx_word' id='word_1_198' title='bbox 333 4176 521 4238; x_wconf 76' lang='lat' dir='ltr'><strong>Scio.-</strong></span> <span class='ocrx_word' id='word_1_199' title='bbox 577 4173 688 4255; x_wconf 73' lang='grc' dir='ltr'><strong>[άὶ</strong></span> <span class='ocrx_word' id='word_1_200' title='bbox 725 4193 841 4250; x_wconf 69' lang='lat' dir='ltr'><strong>eqo</strong></span> <span class='ocrx_word' id='word_1_201' title='bbox 883 4172 998 4234; x_wconf 75' lang='lat' dir='ltr'><strong>ma</strong></span> <span class='ocrx_word' id='word_1_202' title='bbox 1044 4177 1254 4232; x_wconf 75' lang='lat' dir='ltr'><strong>aetate</strong></span> <span class='ocrx_word' id='word_1_203' title='bbox 1294 4168 1361 4230; x_wconf 60' lang='lat' dir='ltr'><strong>dt</strong></span> <span class='ocrx_word' id='word_1_204' title='bbox 1392 4170 1528 4248; x_wconf 79' lang='lat' dir='ltr'><strong>feci</strong></span> <span class='ocrx_word' id='word_1_205' title='bbox 1570 4167 1685 4227; x_wconf 75' lang='lat' dir='ltr'><strong>iua</strong></span> <span class='ocrx_word' id='word_1_206' title='bbox 1727 4163 1974 4240; x_wconf 69' lang='lat' dir='ltr'><strong>omnia,</strong></span> <span class='ocrx_word' id='word_1_207' title='bbox 2034 4170 2135 4225; x_wconf 76' lang='lat' dir='ltr'><strong>set</strong></span> <span class='ocrx_word' id='word_1_208' title='bbox 2188 4180 2364 4224; x_wconf 68' lang='lat' dir='ltr'><strong>more</strong></span> 
     </span>
    </p>

    <p class='ocr_par' dir='ltr' id='par_1_8' title="bbox 1495 4299 1792 4363">
     <span class='ocr_line' id='line_1_30' title="bbox 1495 4299 1792 4363; baseline -0.003 0"><span class='ocrx_word' id='word_1_209' title='bbox 1495 4299 1792 4363; x_wconf 62' lang='lat' dir='ltr'><strong>modiolo.</strong></span> 
     </span>
    </p>
   </div>
  </div>
 </body>
</html>
