2824 4890
448 277 675 340 XXVI

442 459 676 522 siisse':
721 477 864 521 nam
907 459 964 520 si
1006 460 1067 521 in
1111 475 1358 522 summa
1402 458 1640 539 pagiua
1684 456 2025 538 desineret,
2072 462 2136 521 in
2166 457 2390 521 eadem
2439 456 2651 520 couti-

443 598 625 667 nuari
652 598 1127 679 inscriptionem
1152 596 1522 661 'l'ruculeuti
1548 605 2049 659 consentaneum
2095 604 2253 677 erat,
2296 603 2365 658 ut
2409 595 2647 658 factum

446 730 505 790 in
551 730 676 791 tine
710 727 1293 791 Menaechmorum.
1382 726 1565 807 Opus
1608 738 1707 788 est
1752 728 1941 809 igitur
1986 727 2301 789 minimum
2349 744 2647 791 cxxxxii.

442 862 753 925 versibus.
854 864 946 925 At
1001 869 1092 924 tot
1146 878 1381 923 versus
1440 878 1586 942 pars
1641 869 1932 922 extrema
1992 860 2381 940 'l'rinummi,
2442 860 2649 940 qualis

437 1014 603 1057 nuuc
652 994 909 1075 legitur,
955 994 1124 1055 nullo
1167 992 1355 1056 modo
1399 1001 1704 1073 praestat.
1749 993 2005 1074 Reliqui
2046 1002 2193 1055 sunt
2234 992 2293 1053 in
2321 1008 2520 1053 scena
2549 1009 2643 1056 ιιι.

440 1140 624 1195 actus
669 1147 760 1193 ιν.
819 1129 1165 1210 septenarii
1223 1145 1409 1190 x1111:
1466 1144 1664 1189 scena
1708 1144 1802 1190 lv.
1847 1126 2121 1196 senariis
2164 1131 2418 1188 constat
2462 1141 2637 1188 xxn:

440 1275 630 1328 actus
671 1282 737 1327 v.
784 1263 984 1345 prima
1030 1281 1255 1345 scena,
1299 1263 1479 1325 cuius
1527 1259 1698 1324 initio
1754 1260 2033 1342 quinque
2094 1259 2297 1322 fuisse
2340 1257 2645 1320 dimetros

435 1395 802 1476 descriptos
858 1393 1194 1477 largimur,
1256 1411 1318 1459 Χ.
1362 1393 1696 1456 versibus:
1759 1394 1974 1455 ultima
2030 1409 2185 1455 va.
2238 1391 2642 1472 septenariis,

433 1527 684 1608 Quibus
743 1527 843 1589 ubi
887 1526 1205 1590 addideris
1247 1525 1457 1588 media
1502 1524 1662 1586 inter
1703 1541 1937 1585 scenas
1980 1523 2188 1604 spatia
2212 1540 2336 1582 non
2361 1537 2452 1582 vi.
2483 1527 2639 1582 tau-

439 1670 573 1721 tum
604 1703 623 1739 ,
689 1656 805 1718 sed
865 1657 1027 1720 adeo
1076 1674 1234 1718 vnn
1305 1655 1560 1736 quando
1621 1654 1826 1736 potuit
1874 1655 1939 1716 in
1981 1650 2401 1714 Ambrosiano
2466 1669 2638 1712 nova

433 1808 661 1871 scena,
710 1791 809 1852 ubi
858 1788 1095 1869 debuit,
1146 1788 1331 1852 ordiri
1374 1808 1415 1852 a
1459 1807 1522 1855 v.
1556 1789 1753 1851 1176:
1799 1805 2046 1852 summa
2075 1788 2349 1851 efficitur
2374 1805 2631 1853 cxvnu.

434 1942 750 1987 versuum.
800 1924 869 1984 In
916 1923 1010 1984 eis
1057 1940 1196 1985 cum
1244 1921 1546 1985 trochaici
1576 1921 1925 2003 septenarii
1952 1920 2302 1984 habeantur
2329 1939 2636 2000 Lxxxuu,

432 2074 698 2137 quorum
749 2055 1001 2118 circiter
1045 2075 1276 2119 novem
1320 2056 1619 2122 credibile
1663 2067 1765 2120 est
1805 2079 1919 2140 per
1960 2060 2143 2123 binos
2187 2081 2417 2126 versus
2471 2081 2636 2127 cou-

432 2189 715 2252 tinuatos
775 2189 1010 2270 fuisse,
1075 2190 1189 2251 vix
1246 2189 1394 2251 licet
1457 2190 1619 2252 ultra
1664 2207 1941 2254 cxxvm.
1996 2196 2634 2281 computando‘pro-

431 2320 651 2403 gredi,
708 2329 774 2383 ut
817 2321 1134 2383 minimum
1180 2339 1323 2387 xvi.
1368 2289 1674 2384 versuum
1715 2342 1979 2387 numero
2020 2344 2060 2387 a
2104 2327 2292 2407 plena
2333 2346 2634 2393 mensura

425 2455 723 2517 absimus.
810 2456 939 2518 'l'ot
980 2457 1169 2539 igitur
1210 2458 1355 2519 sive
1399 2476 1512 2539 per
1550 2459 2005 2542 negligentiam
2050 2463 2194 2524 sive
2221 2483 2331 2544 per
2353 2466 2630 2546 aliquam

423 2590 849 2653 calamitatem
896 2590 1382 2670 praetermissos
1449 2607 1601 2653 esse
1656 2590 1716 2653 in
1762 2593 2069 2657 Palatinis
2126 2604 2304 2659 certo
2358 2599 2629 2661 ratioci-

424 2741 692 2785 namur:
747 2740 1104 2804 quanquam
1149 2723 1284 2784 fieri
1327 2733 1578 2806 potest,
1626 2735 1693 2788 ut
1735 2745 1919 2790 xxvi.
1963 2729 2352 2812 exciderint,
2397 2734 2454 2794 si
2498 2753 2623 2797 non

422 2854 694 2916 mediam
742 2863 983 2933 partem
1027 2855 1284 2916 ultimae
1321 2858 1621 2940 paginae,
1647 2851 1778 2922 sed
1816 2878 1956 2922 eam
1986 2864 2284 2947 pagiuam
2309 2866 2621 2947 integram

420 2991 636 3052 exitus
700 2989 1042 3052 'l'rinummi
1109 2992 1408 3073 explebat
1462 2995 1524 3054 iu
1592 2993 2019 3057 Ambrosiano
2083 2997 2326 3061 codice.
2430 3002 2625 3064 Nunc

416 3133 628 3186 autem
674 3120 829 3184 vide
872 3122 1020 3184 mihi
1043 3167 1064 3205 ,
1129 3143 1318 3204 quam
1374 3135 1525 3208 apte
1581 3127 1642 3187 in
1685 3127 1804 3189 has
1845 3130 2126 3193 rationes
2170 3132 2321 3195 illud
2365 3150 2624 3196 couve-

419 3256 590 3338 niat,
635 3255 805 3338 quod
848 3255 928 3319 de
971 3259 1472 3322 membranarum
1516 3280 1812 3327 mensura
1851 3265 2104 3327 minime
2148 3266 2512 3349 cogitantes
2555 3281 2625 3333 et

414 3398 562 3468 post
604 3407 668 3448 v.
719 3388 882 3451 1097
924 3397 990 3449 et
1040 3397 1191 3470 post
1243 3390 1401 3454 1¹66
1446 3395 1733 3457 lacunam
1779 3414 1932 3459 csse
1975 3417 2013 3459 e
2057 3400 2212 3462 solis
2254 3389 2621 3464 sententii-

412 3540 546 3623 rum
593 3522 1075 3604 argumentique
1118 3525 1468 3588 rationibus
1511 3527 1655 3589 olim
1700 3529 1964 3611 Parerg.
2005 3549 2067 3612 1,
2110 3551 2169 3613 p.
2214 3531 2332 3595 561
2382 3542 2449 3595 et
2489 3534 2622 3599 578

411 3652 873 3729 conclusimuS,
923 3672 1166 3735 easque
1210 3657 1476 3720 lacunas
1523 3658 1689 3740 quod
1730 3663 1967 3724 nostris
2008 3663 2382 3743 quibusdam
2427 3683 2618 3729 com-

407 3787 763 3868 plementiS,
814 3795 882 3848 ut
921 3790 1214 3870 exemplo
1258 3810 1367 3852 res
1408 3791 1867 3875 declararetur,
1914 3795 2385 3879 supplevimus,
2443 3815 2617 3880 quae

410 3922 549 3999 ipso‘
595 3920 1056 3983 sermocinandi
1098 3922 1461 4004 agendique
1503 3944 1673 3987 nexu
1714 3927 2046 4006 flagitante
2111 3929 2234 4001 (ita
2277 3939 2456 3993 certe
2500 3933 2615 4012 vi-

403 4067 545 4112 sum
590 4052 809 4125 nobis)
854 4071 1153 4116 versuum
1190 4074 1452 4117 numero
1483 4075 1639 4123 xxn.
1672 4058 2281 4141 comprehendimus.
2331 4062 2610 4150 Quodsi,

407 4203 591 4266 quam
638 4187 973 4251 commode
1025 4189 1123 4251 sic
1166 4189 1555 4256 instauratae
1598 4195 1944 4259 'l'rinummi
1995 4208 2213 4278 partes
2270 4219 2395 4263 una
2452 4218 2610 4266 cum
