2824 4890
535 318 762 385 xcv!

535 521 662 567 non
707 502 1016 566 baberent
1060 502 1166 584 qui
1216 500 1587 585 expedirent
1632 501 1894 566 librarii:
1951 502 2053 565 cui
2096 502 2343 585 quidem
2387 497 2682 580 suspicioni

534 643 601 699 et
646 644 915 697 metrum
953 626 1154 715 saepe
1195 641 1515 715 repugnat
1553 642 1618 695 et
1660 639 1973 714 surrupio.
2005 652 2313 714 praesens
2334 632 2683 695 adversatur.

530 770 758 851 ltaque
794 767 925 889 boc
967 765 1135 829 haud
1179 766 1321 829 scio
1373 783 1451 827 an
1497 786 1581 827 ex
1627 784 1869 847 prava,
1934 767 2051 831 sed
2110 768 2332 831 eadem
2385 767 2549 828 vitae
2597 780 2685 824 usu

529 900 797 983 probata
853 897 1313 975 consuetudine
1377 914 1539 960 suae
1606 897 1840 961 aetatis
1900 898 2175 961 Plautus
2229 897 2596 980 susceperit,
2642 901 2692 954 ut

533 1042 660 1103 alia
705 1037 1015 1121 quaedam
1079 1055 1201 1097 non
1256 1034 1463 1097 minus
1506 1034 1959 1097 memorabilia.
2023 1065 2104 1077 ·—
2190 1035 2452 1097 Praeter
2492 1032 2694 1094 baecu

530 1172 699 1236 tenui
744 1192 855 1252 pro
898 1192 935 1233 e
977 1171 1037 1233 in
1081 1171 1376 1248 ayundoe
1418 1171 1858 1249 quaerundum
1889 1173 2378 1232 conueniundus
2411 1165 2695 1248 repetundi

532 1325 596 1369 v.
639 1304 779 1368 366.
825 1304 970 1365 646.
1021 1301 1199 1365 1122.
1249 1298 1442 1363 11:332
1498 1320 1543 1361 u
1606 1319 1716 1382 pro
1773 1321 1810 1361 o
1863 1301 1923 1361 in
1983 1302 2274 1363 elutum
2337 1322 2403 1363 v.
2447 1300 2595 1378 406,
2647 1297 2691 1357 in

529 1436 1109 1527 Acheruntem
1150 1434 1296 1497 494.
1341 1433 1492 1516 525,
1539 1444 1602 1496 et
1652 1435 1710 1496 in
1759 1437 2154 1514 epistula
2201 1452 2493 1517 semper;
2536 1453 2576 1494 u
2611 1447 2699 1511 pto

530 1593 620 1634 au
667 1572 725 1632 in
762 1574 1116 1654 fructum·
1159 1589 1224 1633 v.
1268 1569 1394 1632 413
1419 1613 1438 1650 ‚
1489 1569 1568 1631 de
1612 1571 1910 1652 qualibus
1959 1571 2017 1633 in
2062 1573 2370 1655 Parergis
2415 1571 2631 1632 dictum
2665 1581 2697 1643 ι,

530 1724 593 1785 p.
619 1702 783 1766 541:
832 1702 1102 1785 denique
1144 1723 1189 1765 u
1232 1720 1345 1782 pro
1386 1723 1434 1781 y
1475 1701 1537 1762 iu
1580 1702 1805 1765 Suri
1847 1722 1912 1764 v.
1937 1702 2079 1766 542.
2107 1704 2256 1786 546,
2303 1705 2568 1767 lum-ica
2585 1698 2695 1762 852.

528 1837 616 1898 Et
640 1838 937 1900 Plautum
967 1834 1219 1917 quidem
1250 1852 1370 1897 nec
1392 1837 1800 1914 sycophanta
1840 1855 1965 1899 nec
1994 1837 2319 1917 Lysiteles
2365 1857 2484 1901 nec
2513 1835 2701 1912 Olym·

523 1973 742 2048 picum
785 1985 906 2030 nec
963 1969 1329 2046 myropolae
1380 1968 1725 2049 scripsisse
1779 1969 2200 2052 locupletibus
2255 1970 2536 2035 testibus
2587 1982 2701 2029 crc-

528 2099 800 2163 dendum
847 2109 988 2180 est,
1030 2097 1147 2160 sed
1195 2116 1306 2181 pro
1347 2119 1394 2178 y
1439 2107 1550 2160 aut
1591 2119 1636 2160 u
1681 2100 1976 2180 posuisse
2017 2108 2127 2183 aut
2169 2107 2232 2162 i:
2300 2102 2486 2164 nobis
2529 2108 2701 2161 tamen

530 2239 594 2302 in
656 2239 782 2301 hoc
847 2246 1034 2301 caute
1090 2235 1455 2319 agendum,
1524 2235 1754 2316 quibus
1815 2235 2274 2318 incompertum
2338 2256 2488 2300 num
2551 2235 2703 2309 sorte,

528 2390 789 2455 quorum
850 2368 1116 2452 assequi
1165 2370 1524 2451 exemplum
1588 2371 1923 2433 studemus
1949 2418 1967 2451 ,
2030 2381 2297 2437 veteres
2356 2375 2485 2437 iam
2541 2365 2705 2435 critici

530 2509 825 2571 usitatam
867 2523 989 2568 sua
1032 2512 1250 2568 aetate
1293 2506 1561 2569 litteram
1610 2508 1674 2566 in
1720 2507 2015 2570 Plautum
2061 2507 2276 2572 dedita
2322 2529 2526 2593 opera
2564 2507 2705 2568 intu-

525 2644 746 2721 lerint,
809 2652 876 2705 ut
934 2660 1058 2724 qua
1118 2642 1284 2705 hunc
1335 2642 1540 2722 ipsum
1599 2659 1865 2703 usurum
1927 2641 2171 2719 fuisse,
2231 2643 2293 2705 si
2340 2645 2404 2704 in
2455 2642 2708 2724 promptu

527 2772 881 2849 habuisset,
925 2769 1093 2834 haud
1137 2789 1295 2833 sane
1339 2770 1550 2852 inepte
1578 2769 1935 2832 ratiocinari
1977 2779 2261 2851 possent.
2356 2772 2711 2852 Quanquam

446 2907 455 2919 “
523 2914 590 2966 et
630 2904 831 2967 Suria
871 2920 1031 2965 sane
1074 2911 1138 2965 et
1181 2905 1405 2966 th‘a
1449 2905 1738 2967 Donatus
1779 2904 1841 2966 in
1884 2904 2130 2987 Hecyr.
2168 2923 2219 2987 1,
2246 2905 2317 2986 2,
2359 2907 2406 2970 8
2446 2909 2710 2974 testatur,

523 3047 590 3099 et
658 3036 861 3100 Suria
921 3035 1296 3099 Saraouene
1350 3038 1638 3098 sumbola
1697 3039 2099 3116 sincophanta
2162 3036 2509 3101 Cornutus
2567 3027 2712 3115 apud

524 3169 983 3233 Cassiodorum
1048 3168 1130 3231 de
1184 3168 1462 3251 orthogr.
1522 3189 1580 3250 p.
1627 3169 1812 3234 2286.
1897 3168 2110 3232 Libris
2165 3179 2391 3238 tamen
2450 3167 2619 3253 quod
2663 3163 2712 3225 in

525 3303 649 3368 boc
693 3301 942 3385 quidem
989 3321 1228 3385 genere
1264 3321 1390 3364 non
1437 3302 1694 3364 nimium
1740 3301 2066 3365 tribuimus
2131 3303 2442 3385 quamvis
2484 3296 2718 3385 &ficales

516 3444 583 3496 et
645 3436 1005 3513 olimffricum
1071 3440 1136 3496 et
1195 3433 1540 3511 miropolae
1588 3433 1903 3515 scriptura
1939 3399 2055 3496 'ad
2117 3435 2401 3515 aliquam
2457 3431 2716 3516 speciem

520 3568 912 3649 antiquitatis
954 3567 1441 3640 accedentibus,
1486 3587 1612 3630 nou
1660 3566 1938 3648 culpabit
1977 3568 2217 3631 factum
2244 3612 2262 3646 ,
2304 3569 2423 3650 qui
2469 3573 2501 3630 i
2540 3585 2648 3648 pro
2678 3581 2716 3640 y

514 3702 720 3784 ipsius
765 3699 955 3764 medii
996 3702 1143 3764 aevi
1188 3708 1315 3764 tam
1359 3717 1511 3763 esse
1555 3700 1887 3783 {proprium
1941 3719 2130 3783 quam
2174 3722 2209 3763 e
2266 3718 2390 3779 pro
2437 3720 2520 3764 ae
2562 3697 2722 3779 cogi·

514 3842 773 3902 taverit.
829 3869 910 3883 —
996 3836 1238 3901 Contra
1290 3855 1405 3919 pro
1455 3857 1502 3900 u
1555 3837 1764 3900 littera
1815 3855 1889 3897 oe
1944 3833 2338 3898 servandum
2399 3834 2535 3897 fuit
2591 3835 2659 3893 ut
2692 3841 2722 3883 e

510 3968 865 4031 vetustiore
922 3965 1386 4030 consuetudine
1440 3965 1775 4064 repetitum
1831 3964 1892 4026 in
1947 3968 2272 4026 moenia
2325 3982 2401 4030 v,
2449 3964 2620 4038 68⁶7,
2673 3965 2726 4020 et

511 4103 864 4163 inmoene
914 4097 1083 4180 quod
1126 4118 1190 4160 v.
1214 4100 1298 4162 24
1337 4099 1462 4162 soll
1491 4098 1760 4162 Palatini
1792 4097 2151 4181 prodidere,
2194 4098 2508 4162 similiter
2551 4106 2729 4180 atque

513 4231 743 4297 alicubi
784 4232 1036 4296 memini
1077 4236 1362 4310 impoene
1400 4229 1631 4295 scribi:
1672 4229 1755 4294 ad
1799 4249 2063 4313 quorum
2106 4237 2319 4293 tamen
2352 4231 2724 4314 exemplum
