2824 4890
562 326 853 393 mxxvi
2295 370 2342 394 ‚

567 510 845 593 vestigia
884 509 1076 592 apud.
1101 509 1399 573 Plautum
1445 510 1632 575 hodie
1675 519 2052 593 supersunt}
2101 510 2233 575 ‘nisi
2277 510 2432 574 forte
2473 527 2544 570 eo
2579 523 2701 587 spo-

575 654 755 708 ctare
799 644 977 708 dicas
1020 652 1222 710 setius
1264 647 1680 729 scripturam,
1740 667 1926 731 quam
1973 648 2370 730 Cistella-riae
2411 664 2506 729 w,
2542 646 2612 725 2,
2642 644 2704 708 24

568 783 631 843 B
672 779 947 842 exhibet.
1032 779 1201 841 Nam
1248 778 1417 860 quod
1464 779 1805 841 Trinummi
1853 800 1916 841 v.
1959 778 2088 843 396
2129 777 2472 843 Gulielmus
2524 776 2705 854 suasit,

565 917 807 975 sectius
831 912 1032 973 nihilo
1069 915 1239 992 facit
1276 930 1391 993 pro
1430 914 1677 989 factius
1719 930 1782 972 n.
1821 914 1895 991 fi,
1936 911 2084 974 ferri
2121 912 2205 976 ita
2236 920 2468 974 tantum
2501 916 2702 990 posset,

562 1058 632 1113 ut
673 1049 860 1112 simul
904 1048 1014 1109 ille
1065 1065 1409 1129 pronomen
1454 1048 1820 1129 accederet,
1864 1067 1993 1131 quo
2033 1050 2115 1114 ad
2144 1052 2348 1139 fllium
2375 1048 2433 1111 id
2466 1046 2704 1110 enuntia·

561 1186 692 1245 tum
721 1182 1090 1245 referretur.
1114 1215 1195 1227 —
1238 1183 1480 1245 Paucis
1521 1187 1733 1262 coepi?
1776 1183 2134 1264 praesentis
2175 1184 2483 1265 exemplis
2521 1192 2708 1242 novum

562 1316 851 1381 accessit
906 1336 966 1378 v.
1019 1316 1180 1379 1052
1237 1320 1534 1393 coepias,
1603 1314 1900 1380 effectum
1956 1335 1997 1379 a
2057 1317 2244 1379 nobis
2304 1335 2342 1378 e
2394 1312 2707 1397 planissima

561 1446 970 1510 Ambrosiani
1010 1444 1251 1508 codicis
1295 1448 1614 1527 scriptura
1658 1462 1972 1510 coAmAs.
2030 1444 2216 1524 Quae
2261 1445 2400 1528 ipsa
2439 1441 2585 1506 satis
2604 1456 2709 1501 me·

573 1580 893 1643 morabilis
921 1588 1021 1641 est
1048 1589 1408 1661 propterea,
1458 1577 1622 1662 quod
1666 1579 1920 1643 fuerunt
1959 1578 2065 1661 qui
2109 1596 2146 1641 e
2188 1598 2312 1641 con
2339 1586 2403 1639 et
2425 1580 2558 1654 apio
2594 1575 2706 1634 slve

566 1734 688 1793 apo
732 1712 1089 1776 derivatum
1135 1731 1289 1776 esse
1348 1717 1562 1792 caepio
1617 1713 1919 1777 dicerent.
1961 1678 1968 1685 υ
2006 1713 2195 1793 Quod
2251 1714 2307 1777 si
2364 1706 2710 1794 probabiliter

563 1848 1018 1926 opinarentur,
1080 1842 1390 1927 haberent
1445 1861 1571 1924 quo
1616 1843 2065 1924 percommodo
2131 1845 2526 1908 firmamento
2584 1857 2712 1902 con·
2773 1842 2774 1847 ’

480 1992 499 2003 “
560 1980 845 2043 iecturae
886 1996 1046 2039 suae
1088 1986 1434 2040 uterentur.
1522 1977 1704 2057 Quos
1761 1998 1887 2063 ego
1942 1979 2123 2062 sequi
2178 1997 2307 2042 non
2364 1996 2502 2041 sum
2544 1988 2716 2050 ausus,

563 2122 635 2175 ut
681 2111 784 2194 qui
831 2112 1140 2173 rationem
1188 2128 1311 2171 non
1369 2110 1748 2192 perspiciam
1806 2129 1935 2192 qua
1979 2130 2018 2173 e
2063 2132 2136 2173 co
2180 2119 2247 2175 et
2289 2132 2373 2190 ap
2408 2129 2527 2173 non
2568 2108 2716 2184 capio,

566 2256 636 2309 ut
678 2247 923 2326 copula,
969 2242 1088 2307 sed
1128 2248 1338 2322 σοφία
1374 2249 1705 2325 (tanquam
1748 2246 2047 2325 coepula)
2088 2255 2295 2309 ortum
2328 2244 2545 2308 dicam.
2587 2238 2718 2302 Idem

563 2380 746 2459 coepi
781 2376 897 2439 vix
939 2394 1019 2439 ac
1061 2395 1143 2439 ne
1187 2375 1299 2438 vix
1346 2373 1596 2457 quidem
1640 2374 1925 2439 adducor
1967 2384 2039 2439 ut
2080 2376 2290 2440 tribus
2333 2393 2486 2440 esse
2507 2368 2724 2457 syllabis

557 2529 598 2573 a
643 2511 870 2575 Plauto
912 2510 1384 2592 pronuntiatum
1428 2509 1728 2574 credam:
1776 2512 2070 2592 quamvis
2118 2529 2271 2575 esse
2316 2528 2523 2595 pauca
2563 2518 2721 2590 quao-

562 2642 704 2708 dam
754 2643 1051 2724 exempla
1088 2642 1288 2705 sciam
1329 2643 1547 2723 aliqua
1587 2642 1810 2722 specie
1855 2641 1993 2705 veri
2033 2642 2095 2703 in
2142 2642 2314 2707 banc
2356 2653 2589 2727 portem
2630 2653 2723 2699 va·

554 2777 783 2858 tentia,
827 2795 1048 2839 verum
1093 2773 1319 2837 eadem
1364 2783 1435 2837 ut
1476 2782 1632 2855 puto
1675 2775 1975 2840 fallentia.
2027 2809 2098 2823 —
2187 2778 2328 2844 Sed
2375 2799 2529 2844 vere
2566 2776 2637 2840 ab
2669 2790 2728 2849 cp

562 2913 769 2992 stirpe
809 2909 1066 2973 ductum
1111 2917 1339 2988 aptus
1380 2927 1523 2971 rara
1566 2909 1706 2972 veri
1749 2911 2056 2993 participii
2099 2921 2430 2994 potestate
2472 2931 2533 2977 v.
2567 2909 2675 2975 658
2700 2923 2729 2965 ι
2771 2913 2772 2916 ’

566 3054 759 3128 poeta
799 3039 1072 3126 positum
1118 3060 1267 3104 esse
1287 3042 1754 3107 Ambrosianus
1786 3047 2109 3126 persuasit
2157 3059 2726 3127 o'r10A11wusprno·
2771 3053 2772 3140 ᾗ

559 3181 762 3260 bens,
831 3197 958 3241 una
1002 3185 1246 3241 tantum
1288 3177 1454 3242 inter
1498 3197 1520 3242 1
1561 3186 1628 3241 et
1671 3196 1718 3241 A
1757 3178 1963 3243 littora
2005 3179 2337 3247 interiecta
2361 3228 2381 3256 ,
2432 3202 2546 3265 pro
2586 3186 2733 3241 oete·
2771 3213 2772 3216 =

557 3333 769 3384 rorum
812 3312 1104 3377 librorum
1149 3312 1462 3394 scriptura
1502 3316 1626 3374 otio
1666 3321 1927 3391 captus.-
1988 3332 2159 3395 quae
2211 3324 2283 3378 ut
2328 3302 2735 3397 interpretandi

498 3465 507 3476 ·
558 3421 774 3517 studio
816 3450 1113 3530 debetur,
1159 3449 1246 3512 ita
1291 3447 1375 3512 ad
1420 3456 1687 3511 metrum
1732 3466 1855 3511 non
1904 3449 2106 3530 potuit
2149 3451 2272 3514 nisi
2317 3452 2576 3514 inverso
2614 3459 2735 3506 ver-

556 3589 778 3652 borum
823 3584 1039 3648 ordine
1085 3580 1580 3647 accommodari.
1646 3611 1722 3624 —
1813 3580 2056 3647 Contra
2113 3583 2309 3648 libros
2366 3587 2615 3667 qaerc‘dem
2653 3592 2738 3660 ΡΝ

552 3721 928 3802 equidem
974 3715 1282 3798 particula
1328 3734 1458 3777 non
1497 3714 1579 3777 ad
1629 3714 1892 3796 primam
1938 3735 2282 3798 personam
2334 3719 2543 3783 relata
2583 3729 2742 3795 repo·

555 3858 657 3918 sni
705 3874 768 3916 v.
809 3851 953 3916 352.
994 3850 1113 3913 611
1163 3858 1229 3912 et
1272 3845 1570 3931 reponam
1619 3848 1680 3909 in
1724 3849 1957 3911 ceteris
2005 3848 2232 3912 fabulis
2265 3851 2525 3933 ubique.
2571 3849 2741 3927 Quam

552 3991 821 4054 formam
844 3984 1137 4067 quamvis
1156 3986 1287 4046 acri
1310 3984 1721 4045 contentione
1742 4001 1883 4045 cum
1905 3981 2006 4045 alii
2025 3990 2158 4045 tum
2185 4003 2389 4065 nuper
2408 3977 2745 4048 Handius')

579 4281 648 4347 ¹⁸¹)
685 4279 786 4345 Qui
824 4296 977 4345 quem
1016 4281 1262 4333 Beroaldi
1299 4282 1538 4334 codicem
1578 4283 1884 4335 Plautinum
1924 4295 2043 4334 cum
2081 4281 2211 4334 alibi
2259 4286 2375 4332 tum
2428 4279 2484 4332 in
2524 4279 2622 4331 bae
2658 4270 2745 4326 dis·
