2824 4890
419 305 580 368 vm

424 490 771 555 diolanensi
811 487 892 552 ad
914 485 1353 551 Godofredum
1381 485 1812 545 Hermannum
1858 478 2027 549 data,
2073 476 2333 558 quaein
2365 471 2625 537 Diurnis

421 620 793 702 antiquariis
820 614 1457 682 Darmstadiensibus
1479 614 1625 676 anni
1653 589 2216 678 m
2249 627 2306 687 p.
2333 603 2459 667 737
2483 621 2624 684 sqq.

417 757 672 841 legitur.
761 754 1100 817 Pristinam
1145 750 1385 815 codicis
1433 730 1835 829 scripturam,
1882 763 2071 827 quam
2118 743 2305 805 nimia
2345 739 2629 802 liberali-

420 898 554 952 tate
601 888 680 951 ad
728 886 1188 950 Antoninorum
1230 891 1515 947 aetatem
1541 882 1757 944 Maius
1801 879 2141 956 referebat,
2192 876 2428 938 rectius
2458 874 2630 938 Nie-

421 1021 688 1084 buhrius
745 1017 984 1101 Opusc.
1041 1017 1190 1080 hist.
1234 1025 1299 1089 et
1341 1014 1488 1098 phil.
1535 1031 1593 1095 ι,
1640 1033 1701 1094 p.
1752 1011 1868 1073 1⁸74
1922 1009 2163 1072 saeculi
2223 1026 2376 1069 esse
2433 1007 2633 1086 quinti

424 1153 604 1229 dixit,
649 1160 937 1234 potuerat
979 1150 1261 1213 fortasse
1303 1148 1544 1230 quartix
1589 1145 1966 1209 simillimam
2012 1118 2150 1205 eam
2195 1140 2632 1220 antiquissimo

423 1285 691 1366 Vergilii
735 1283 940 1346 codici
982 1283 1330 1362 Vaticano,
1375 1281 1585 1361 paullo
1630 1278 2043 1359 antiquiorem
2087 1283 2155 1337 ut
2197 1281 2351 1355 puto
2394 1271 2633 1334 ceteris

424 1421 534 1500 qui
574 1425 835 1480 exstant
876 1416 1088 1479 latinis
1132 1415 1305 1478 libris
1348 1400 1835 1495 antiquissimis,
1880 1413 2070 1476 etiam
2100 1410 2382 1473 Bembini
2410 1408 2637 1472 codice

424 1549 729 1613 Terentii.
818 1549 1143 1612 Posterior
1186 1548 1543 1629 scriptura,
1604 1562 1733 1629 qua
1776 1545 1970 1607 valde
2011 1543 2148 1606 rudi
2201 1551 2268 1604 et
2316 1542 2638 1604 incondita

431 1688 693 1753 Veteris
736 1687 1100 1750 testamenti
1158 1685 1411 1767 quidam
1468 1683 1602 1746 libri
1647 1684 1892 1746 exarati
1936 1692 2123 1759 sunt,
2178 1682 2416 1744 saeculi
2454 1698 2633 1743 vnn.

429 1831 551 1885 est.
636 1821 946 1903 Singulae
1000 1818 1410 1882 membranae
1464 1832 1630 1897 quas
1684 1833 1948 1899 quarum
2006 1814 2354 1877 fabularum
2411 1823 2638 1894 partes

431 1961 733 2033 teneant,
785 1955 852 2015 in
893 1952 1286 2033 singularum
1332 1948 1679 2013 fabularum
1724 1948 2224 2032 praefationibus
2268 1946 2506 2020 dicam,
2573 1946 2643 2009 in

426 2083 555 2147 fine
597 2092 809 2147 autem
850 2082 1064 2166 operis
1105 2102 1232 2146 uno
1275 2083 1335 2145 in
1381 2089 1738 2164 conspectu
1781 2080 2147 2146 collocabo:
2203 2077 2289 2142 ad
2331 2077 2650 2142 'ri-inuma-

426 2233 598 2278 mum
641 2214 810 2277 haec
850 2220 1150 2295 spectant
1191 2230 1358 2294 quae
1399 2211 1564 2274 infra
1605 2211 1808 2293 posui.

592 2381 853 2462 integer
885 2378 1096 2444 codex
1120 2381 1455 2443 Plautinus
1502 2398 1644 2443 cum
1687 2391 2060 2444 octonarum
2104 2379 2639 2462 membranarum,

426 2513 536 2576 vel
604 2513 817 2595 potius
881 2521 1329 2596 quaternorum
1390 2513 1896 2576 membranarum
1959 2511 2236 2593 parium,
2304 2511 2644 2578 fasciculis

431 2645 832 2726 compositus
874 2645 1089 2725 fuerit,
1136 2663 1302 2727 quos
1346 2644 1539 2708 hodie
1580 2647 2027 2729 quaterniones
2069 2664 2310 2710 vocare
2353 2664 2647 2711 consue-

429 2779 678 2842 vimus:
739 2778 906 2841 tales
958 2778 1305 2841 fasciculos
1360 2776 1610 2860 integra
1670 2777 1886 2840 sabula
1943 2779 2302 2861 complebat
2343 2786 2649 2861 quattuor

432 2921 501 2975 et
531 2909 858 2975 dimidium
888 2953 911 2991 ,
963 2911 1064 2974 his
1107 2927 1224 2974 eos
1267 2913 1552 2975 numeris
1592 2913 1654 2974 in
1700 2914 2053 2976 ultimarum
2099 2915 2471 2997 paginarum
2514 2916 2646 2979 imo

432 3041 722 3124 margine
762 3042 1092 3125 signatos:
1148 3042 1298 3124 LV,
1354 3044 1552 3126 LVI,
1608 3045 1834 3118 (nvn
1856 3047 1915 3128 ,3
1976 3045 2195 3109 [Nm
2217 3090 2239 3127 ,
2295 3046 2645 3121 (Lvnn.)

433 3175 520 3238 Hi
580 3174 867 3238 fasciculi
919 3194 1084 3257 quas
1145 3178 1293 3242 olim
1351 3180 1766 3245 continebant
1827 3182 2176 3246 Trinummi
2235 3183 2645 3246 membranas

434 3331 559 3377 sex
602 3320 669 3377 et
714 3314 1011 3398 triginta,
1053 3334 1272 3381 earum
1317 3316 1510 3382 hodie
1551 3327 1795 3383 tantum
1841 3317 2276 3402 duodeviginti
2321 3316 2646 3403 supersti-

439 3452 543 3506 tes
587 3452 772 3529 sunt,
832 3447 979 3512 sive
1029 3468 1261 3513 novem
1318 3450 1826 3514 membranarum
1872 3451 2385 3533 complicatarum
2429 3452 2646 3531 pariat

432 3594 580 3640 nam
625 3593 786 3640 casu
847 3578 1088 3644 factum
1142 3589 1246 3643 est
1304 3591 1377 3645 ut
1437 3581 1700 3645 duorum
1759 3583 2004 3661 parium
2057 3598 2376 3664 compage
2430 3583 2649 3648 soluta

434 3723 607 3768 nunc
664 3715 962 3788 quattuor
1018 3710 1430 3774 membranae
1486 3711 1855 3792 singulares
1923 3718 2221 3776 exstentz
2277 3728 2443 3792 quae
2497 3720 2651 3777 sant

431 3837 724 3926 fasciculi
765 3856 898 3904 nvi.
945 3840 1133 3907 tertia
1177 3851 1244 3905 et
1285 3852 1477 3907 sexta
1533 3843 1813 3925 itemque
1875 3843 2068 3906 tertia
2124 3851 2191 3905 et
2230 3848 2422 3904 sexta
2464 3839 2649 3900 inse-

436 3974 693 4053 quentis
766 3968 1073 4037 fasciculi.
1172 3974 1439 4058 Integer
1496 3981 1713 4038 autem
1768 3991 1935 4038 unus
1997 3981 2236 4037 tantum
2293 3967 2650 4032 fasciculus

437 4111 779 4184 superest,
839 4107 950 4186 qui
995 4112 1102 4167 est
1143 4123 1228 4168 ex
1271 4105 1393 4168 illis
1436 4104 1628 4169 alter:
1701 4106 2083 4187 reliquorum
2129 4101 2277 4186 quid
2323 4107 2392 4163 et
2433 4064 2650 4180 quan-

438 4243 573 4298 tum
618 4243 949 4300 servatum
995 4235 1116 4321 sit,
1171 4237 1540 4319 planissime
1595 4255 1682 4301 ex
1739 4236 1863 4300 bac
1915 4252 2103 4317 quam
2147 4231 2394 4297 subieci
2436 4229 2653 4294 tabula
