2824 4890
2137 347 2336 412 xxv
2379 314 2384 315 ἢ

334 522 491 585 luter
527 537 725 586 eosne
765 522 1059 586 homines
1101 523 1458 589 condalium
1501 534 1568 590 te
1610 526 1900 610 redipisci
1943 530 2281 611 postulas?

327 658 673 726 Chirucbus
732 661 887 741 suit,
947 660 1377 738 Cerconicus,
1450 660 1787 741 Crimnns,
1859 663 2257 749 Cricolabus,

1662 798 1993 879 CollabuS,

312 925 796 1023 Coliicrepidae‚
838 927 1333 1009 cruricrepidae,
1377 928 1670 1012 ferriteri,
1716 931 2089 1013 mastigiae:

312 1059 587 1142 Quorum
640 1061 857 1128 hercle
897 1080 1065 1127 unus
1101 1069 1424 1146 surpuerit
1464 1066 1740 1129 currenti
1784 1066 2028 1129 cursori
2067 1066 2294 1130 solum.

379 1191 720 1275 Reliquum
779 1202 883 1257 est
952 1203 1022 1259 ut
1077 1195 1159 1259 de
1210 1194 1623 1260 fasciculo
1668 1196 2006 1260 Lvnn.
2060 1197 2331 1263 dicatur.

168 1320 339 1387 Cuius
374 1325 492 1388 etsi
535 1325 691 1388 nihil
733 1332 1068 1408 superstes
1109 1335 1248 1406 est,
1306 1336 1523 1393 tamen
1577 1344 1979 1412 nequaquam
2039 1329 2168 1392 hoc
2208 1330 2318 1394 im·

174 1450 314 1531 pedit
364 1453 702 1536 quominus
759 1453 945 1518 alicui
1004 1455 1112 1518 ille
1164 1456 1307 1518 usui
1359 1455 1463 1517 sit.
1550 1456 1652 1520 Ac
1693 1458 1957 1539 primum
2002 1458 2335 1523 sciendum

177 1590 258 1645 est
290 1583 462 1648 ordiri
503 1584 885 1648 fasciculum
935 1585 1081 1649 Lx.
1122 1603 1165 1648 a
1206 1588 1578 1650 'truculenti
1620 1606 1815 1651 versu
1863 1591 1918 1671 1,
1951 1589 2014 1665 2,
2050 1588 2145 1655 ¹5.
2187 1589 2337 1654 Ne·-

166 1731 323 1779 cesse
361 1728 460 1782 est
499 1720 704 1801 igitur
760 1738 903 1784 eum
960 1722 1065 1803 qui
1109 1718 1434 1801 praecedit
1484 1721 1858 1784 fasciculum
1905 1741 1943 1785 a
1985 1720 2336 1787 Trinummi

162 1867 212 1914 v.
253 1850 401 1915 1079
457 1854 539 1918 ad
602 1853 976 1917 'l'mculenti
1021 1857 1091 1936 1,
1133 1854 1211 1937 2,
1261 1854 1340 1916 14
1392 1853 1794 1936 pertinuisse·
1881 1854 2343 1939 complectitur

162 1977 211 2043 id
249 1981 487 2049 fabulae
530 1983 781 2048 initium
838 1985 1104 2067 primum
1170 1983 1416 2066 prologi
1474 2002 1709 2047 versus
1752 2002 1904 2064 xxi,
1965 1984 2085 2047 sed
2138 1984 2339 2048 mutili

160 2114 417 2198 prologi,
474 2135 676 2200 quem
726 2134 844 2198 per
905 2113 1068 2179 duas
1122 2120 1396 2200 paginas
1454 2115 1836 2197 pertinuisse
1890 2116 2094 2180 solum
2147 2115 2337 2183 fidem

163 2244 295 2310 facit
332 2249 684 2313 Trinummi
727 2249 1115 2331 exemplum,
1158 2249 1264 2311 ubi
1308 2249 1448 2311 eius
1492 2252 1792 2330 paginae,
1837 2248 1898 2311 in
1937 2266 2062 2330 qua
2101 2246 2339 2312 desinit

156 2377 450 2464 prologus,
490 2381 808 2465 reliquam
855 2388 1101 2464 partem
1144 2397 1417 2444 vacuam
1459 2379 1748 2443 relictam
1792 2397 1945 2443 esse
1977 2398 2174 2462 supra
2208 2380 2332 2445 ad-

152 2514 501 2578 aotnvimus.
605 2515 975 2596 Sequuntur
1019 2514 1258 2596 primae
1301 2532 1545 2578 scenae
1587 2514 1820 2579 senarii
1863 2532 2120 2591 ωανιι,
2161 2513 2332 2577 alte-

152 2641 259 2706 rim
293 2646 436 2710 item
501 2645 828 2710 breviculi
881 2665 1118 2712 versus
1160 2662 1338 2711 xnn:
1395 2645 1718 2710 accedunt
1759 2662 1876 2708 ιιιι.
1918 2665 1958 2708 e
2001 2661 2339 2711 scenarum

153 2774 519 2846 interstitiis:
570 2797 883 2845 summam
922 2779 1126 2846 habes
1166 2799 1463 2846 Lxxxxv.
1509 2799 1841 2857 versuum,
1877 2780 2004 2844 hoc
2029 2788 2130 2843 est
2151 2779 2338 2861 quiu-

158 2925 267 2990 que
304 2919 588 2997 paginas
635 2913 1173 2980 undevicenorum
1219 2936 1564 2999 versuum,
1625 2928 1695 2981 ut
1746 2935 1871 2981 nec
1915 2916 2111 2983 defiat
2151 2919 2335 2999 quic-

154 3065 315 3128 quam
355 3071 476 3117 nec
524 3052 859 3131 superfiat.
908 3053 1063 3127 lam,
1104 3070 1186 3114 ne
1214 3071 1414 3134 agere
1445 3050 1731 3134 cupidius
1776 3051 1836 3115 in
1876 3071 2009 3115 rem
2053 3059 2341 3117 nostram

153 3183 454 3249 videamur
462 3230 489 3264 ,
565 3204 754 3248 unam
802 3193 1135 3268 praeterea
1181 3186 1480 3269 paginam
1539 3185 1936 3269 inscriptioni
1977 3185 2231 3249 fabulae
2275 3192 2342 3248 et

151 3313 514 3385 didascalice
562 3319 887 3400 dabimus,
934 3338 1102 3402 quae
1146 3319 1268 3382 etsi
1312 3320 1376 3383 in
1417 3320 1787 3383 Trinummo
1827 3319 1993 3384 nulla
2036 3319 2188 3399 fnit,
2234 3328 2342 3382 ta·-

156 3441 279 3516 uien
316 3456 377 3519 in
416 3457 570 3520 aliis
611 3454 845 3520 fabulis
886 3464 1143 3537 reperta
1187 3464 1320 3520 est:
1365 3457 1433 3518 in
1479 3472 1610 3537 qua
1649 3458 1888 3536 pagina
1917 3452 2123 3534 potuit
2149 3451 2340 3515 etiam

150 3600 572 3667 “gumentum
617 3591 972 3657 recentiore
1011 3611 1204 3656 manu
1252 3593 1538 3657 additum
1584 3611 1760 3676 esse,
1804 3602 1874 3656 ut
1913 3593 1973 3653 in
2014 3590 2343 3655 Pseudulo
2432 3635 2442 3644 -

152 3713 390 3785 factum.
476 3724 650 3788 Hinc
690 3722 970 3788 efficitur
1016 3745 1133 3807 per
1171 3734 1470 3808 quattuor
1513 3726 1753 3791 codicis
1796 3725 2197 3787 membranas
2238 3724 2342 3786 in-

150 3854 350 3931 tegna
404 3874 553 3919 eam
597 3856 970 3921 Truculenti
1023 3867 1269 3940 partem
1325 3860 1740 3941 pertinuisse,
1803 3877 1968 3939 quae
2026 3864 2131 3919 est
2186 3862 2341 3918 ante

151 3995 399 4045 versun
443 3986 498 4066 1,
541 3984 605 4067 2,
657 3986 775 4053 15:
820 3987 1081 4052 totidem
1124 3990 1319 4073 igitur
1365 3990 1795 4071 membranas,
1841 3990 1965 4052 hoc
2005 3996 2107 4051 est
2151 3985 2343 4053 dimi-

151 4111 309 4178 dium
357 4116 734 4184 fasciculum
793 4119 1085 4204 Lvuu,
1138 4120 1326 4184 finem
1387 4121 1735 4184 'l'rinummi
1791 4118 1940 4182 inde
1989 4139 2028 4182 a
2071 4119 2345 4185 v.10⁷9

150 4250 586 4330 complevisse.
673 4254 809 4317 lam
857 4254 964 4318 fac
1009 4274 1148 4318 eam
1194 4253 1472 4320 Fabulam
1517 4254 1576 4316 in
1622 4251 1858 4336 pagiua
1898 4275 1935 4316 e
1977 4253 2186 4318 media
2219 4255 2340 4320 de·-
