2824 4890
462 350 723 415 CXXH

456 534 625 596 enim
666 551 749 593 ne
793 547 872 592 ea
919 527 1201 611 quidem,
1249 544 1417 609 quae
1459 524 1607 608 quia
1649 522 1984 605 aliquando
2028 522 2202 585 facta
2244 530 2426 599 sunt,
2472 536 2672 601 posse

462 664 599 727 fieri
639 659 1116 726 concedendum
1169 660 1296 740 sit,
1344 655 1672 721 inferenda
1712 673 1867 718 esse
1911 653 2231 715 liberalius
2275 658 2340 713 et
2382 649 2679 731 cupidius

465 792 934 878 amplectenda,
982 791 1097 853 sed
1127 791 1336 873 potius
1359 788 1609 850 sublata
1639 785 2022 870 elegantiam
2054 802 2451 846 numerorum
2480 799 2682 863 saepe

460 925 743 1024 mirifice·
783 943 1063 1008 augere:
1131 922 1194 986 id
1249 919 1420 1004 quod
1475 921 1564 982 ita
1621 936 1814 1000 osse,
1878 917 1995 979 nisi
2054 916 2162 998 qui
2216 934 2341 976 uon
2400 921 2557 975 sunt
2601 911 2682 976 ad

462 1060 752 1123 criticam
799 1067 1003 1121 artem
1046 1056 1461 1121 factitandam
1506 1057 1657 1134 nati,
1702 1074 1825 1117 non
1868 1060 2179 1137 ignorant.

631 1209 756 1271 His
825 1209 1015 1291 igitur
1080 1209 1501 1290 praemissis,
1565 1207 1794 1289 quibus
1860 1208 2065 1287 ipsum
2131 1206 2371 1268 aditum
2437 1207 2686 1269 munire

473 1341 918 1425 disputationis
962 1360 1147 1404 meae
1188 1342 1381 1424 volui,
1427 1349 1496 1403 ut
1540 1341 1758 1403 ordine
1800 1342 2219 1426 progrediar,
2284 1342 2558 1423 primum
2607 1342 2686 1404 de

469 1484 569 1545 eis
616 1480 1294 1563 correptionibus
1337 1479 1564 1561 dicam,
1614 1479 1884 1559 quaein
1931 1475 2218 1540 mediis
2259 1475 2686 1540 vocabulis

469 1615 647 1677 fiunt.
736 1616 951 1694 Atque
995 1613 1268 1674 omnium
1315 1611 1832 1691 frequentissime
1875 1628 2016 1672 cum
2064 1618 2317 1673 constet
2358 1612 2537 1672 vitae
2569 1630 2686 1674 usu

473 1747 740 1810 detritas
806 1748 954 1807 ille
1009 1751 1169 1807 iste
1225 1767 1399 1807 esse
1455 1767 1728 1808 eccum
1792 1746 2064 1808 voculas
2122 1745 2388 1826 corripi,
2452 1745 2687 1825 quibus

484 1882 804 1965 aliquanto
860 1880 1062 1941 rarius
1119 1889 1477 1961 correptum
1539 1883 1720 1957 ipse
1773 1878 2024 1941 accedit
2081 1883 2180 1950 (ut
2230 1899 2289 1940 v.
2333 1880 2479 1942 901.
2527 1880 2687 1956 902,

475 2037 600 2081 non
646 2016 839 2088 928):
897 2023 1107 2077 tamen
1150 2015 1250 2076 his
1309 2015 1530 2076 mirum
1576 2023 1872 2096 quantum
1921 2012 2218 2075 abutatur
2266 2013 2368 2095 qui
2415 2016 2687 2096 gemi-

2791 507 2794 552 A

2793 999 2796 1032 l

473 2171 511 2213 n
531 2171 570 2214 a
589 2159 611 2212 t
632 2171 670 2214 a
691 2169 725 2212 s
787 2171 824 2214 c
841 2169 879 2211 o
896 2170 933 2210 n
953 2168 987 2210 s
1005 2170 1041 2212 ο
1061 2170 1097 2210 n
1116 2170 1152 2212 a
1172 2170 1208 2210 n
1229 2158 1249 2210 t
1271 2169 1306 2210 e
1325 2167 1359 2210 s
1417 2167 1640 2210 omnes
1682 2147 2016 2211 admittere
2056 2150 2522 2229 correptionem
2569 2144 2689 2212 sibi
2801 2171 2802 2174 ¹

476 2283 863 2368 persuadeat
907 2302 1051 2347 cum
1098 2283 1179 2349 G.
1228 2286 1302 2348 A.
1351 2284 1667 2365 Beckero,
1712 2284 2200 2366 diligentissimo
2242 2285 2524 2365 homine,
2570 2286 2685 2349 sed

479 2418 663 2484 cuius
711 2435 790 2481 ea
838 2416 917 2480 de
960 2438 1033 2481 re
1087 2418 1576 2500 perversissima
1638 2416 1843 2499 opinio
1904 2416 2018 2480 fuit
2080 2418 2347 2497 Quaest.
2392 2419 2472 2481 de
2520 2438 2681 2484 com.

476 2554 663 2619 Rom.
707 2554 831 2616 fab.
876 2574 935 2635 p.
980 2554 1055 2615 14
1082 2572 1220 2635 sqq.
1307 2552 1552 2615 Verum
1595 2553 1721 2614 hoc
1766 2567 1832 2615 ut
1877 2555 2127 2616 conlido
2170 2557 2404 2618 nullum
2454 2558 2681 2621 delen-

480 2702 690 2748 sorem
738 2696 1066 2749 nacturum
1113 2703 1285 2765 esse,
1330 2686 1416 2747 ita
1465 2705 1542 2747 ne
1587 2687 1780 2748 multo
1824 2688 2027 2749 minus
2076 2690 2328 2771 quidem
2363 2691 2686 2757 dissimilia

481 2823 624 2880 veri
662 2838 818 2880 vera
860 2826 1029 2879 sunt.
1073 2817 1245 2880 Nihil
1288 2828 1553 2879 externa
1594 2816 1813 2898 specie
1857 2821 2263 2903 propinquius
2308 2825 2418 2886 ille
2445 2847 2684 2907 prouo-

482 2950 628 3011 mini
683 2968 867 3031 quam
933 2951 1137 3022 illic-0,
1210 2957 1278 3010 ut
1338 2952 1619 3033 plerique
1668 2953 1989 3035 scribunt,
2045 2958 2146 3019 vel
2213 2964 2424 3038 potius
2484 2966 2682 3026 ilico

486 3082 731 3145 forma:
781 3083 959 3145 cuius
1006 3091 1214 3144 tamen
1272 3087 1804 3165 antepaenultima
1861 3108 2175 3172 nunquam
2223 3114 2344 3156 nou
2389 3097 2683 3177 produci-

491 3223 606 3276 tur.
693 3213 1092 3277 Contrariam
1158 3234 1523 3279 mensuram
1591 3236 1710 3280 nec
1771 3221 2016 3301 Epidici
2084 3245 2314 3290 versus
2369 3248 2473 3300 ιιι,
2533 3233 2602 3313 l,
2650 3236 2684 3295 4

484 3368 604 3413 nec
646 3348 865 3411 Militis
909 3366 1003 3424 lv,
1045 3349 1126 3428 2,
1172 3347 1257 3410 39
1298 3356 1599 3426 testatur,
1642 3368 1762 3412 nec
1807 3354 2152 3418 'rrinummi
2196 3358 2344 3441 62⁰7,
2392 3362 2493 3422 ubi
2558 3386 2672 3427 nou

488 3491 629 3569 plus
689 3486 1062 3548 offensionis
1119 3494 1221 3547 sta
1275 3485 1426 3547 ilico
1471 3486 1695 3563 habet,
1749 3507 1931 3568 quam
1993 3493 2262 3554 elisione
2320 3497 2684 3560 coalescens

489 3626 642 3704 quoi
678 3621 947 3701 {mperes
992 3620 1282 3683 v.1061:
1329 3625 1587 3682 tametsi
1618 3619 1697 3682 ab
1746 3641 1869 3683 neu
1912 3645 2028 3684 seu
2073 3627 2395 3704 particulis
2424 3629 2682 3692 similem

496 3755 837 3817 abhorrere
868 3754 1193 3815 elisionem
1241 3752 1712 3815 concedendum
1759 3764 1861 3816 est
1888 3760 1972 3829 *).
2059 3757 2206 3821 Nec
2248 3760 2400 3823 illud
2446 3765 2685 3845 mirum,

520 4079 588 4145 ²⁸¹)
624 4083 745 4131 Non
783 4084 963 4130 tamen
1004 4082 1133 4129 haec
1180 4080 1359 4142 potius
1407 4094 1604 4131 caussa
1640 4081 1740 4131 suit
1762 4114 1778 4143 ,
1831 4095 1930 4133 cur
1963 4086 2020 4132 et
2058 4098 2109 4132 v.
2146 4083 2259 4133 818
2293 4086 2352 4132 et
2386 4095 2442 4133 v.
2478 4083 2594 4133 ⁹7³³
2628 4095 2689 4131 ne

623 4196 722 4244 pro
760 4198 867 4234 neu
903 4197 1324 4247 reponeremus,
1374 4197 1530 4247 qnam
1580 4183 1746 4247 ipsius
1780 4184 1922 4235 ratio
1956 4185 2272 4235 sententiae.
2340 4183 2484 4251 Quid
2519 4190 2690 4233 aut·-

625 4287 702 4337 eis
739 4289 996 4352 exemplis
1034 4291 1333 4342 &sciendum
1370 4291 1466 4356 sit,
1501 4303 1637 4353 quae
1672 4301 1988 4354 passa‘esse
2022 4300 2121 4338 seu
2156 4285 2463 4350 particulae
2497 4284 2691 4335 elisio·
