2824 4890
501 352 657 417 CVl
764 415 767 418 ,

494 539 673 598 eurla
734 536 930 597 multo
994 534 1202 598 minus
1272 532 1575 596 credibile
1634 537 1736 592 eet
1777 549 1967 612 quam
2014 529 2340 611 probatum
2385 549 2542 597 esso
2579 533 2692 598 boc

497 686 709 751 genus
754 687 795 731 a
836 666 1074 731 criticis
1113 666 1195 730 ad
1238 669 1466 749 graeei
1528 664 1802 745 exempli
1849 665 2340 731 similitudinem.
2427 667 2690 731 Rursum

495 810 708 866 autem
769 802 1113 885 singularis
1170 800 1331 862 ratio
1384 817 1603 863 eorum
1661 806 1765 861 est
1818 817 1983 879 quae
2040 803 2279 863 extrita
2314 822 2353 861 a
2394 800 2600 865 littera
2641 804 2694 865 in

492 950 577 994 en
598 976 620 1013 ,
662 934 734 993 in
777 930 1148 993 abbreviata
1193 939 1379 1010 sunt,
1429 940 1498 991 ut
1538 931 1735 992 natm
1776 933 1989 992 auden
2031 931 2229 993 audin
2270 933 2441 992 abin.
2525 931 2698 1009 Quae

493 1085 610 1131 eur
659 1073 812 1129 ante
853 1073 1306 1127 consonantem
1352 1062 1668 1126 collocata
1694 1105 1714 1143 ,
1770 1071 1842 1125 ut
1892 1064 2089 1126 aulen
2125 1071 2331 1140 pater,
2377 1067 2577 1130 audin
2612 1073 2694 1141 ta,

494 1199 894 1281 apostropho
937 1206 1324 1280 augeantur,
1368 1202 1639 1279 primum
1685 1219 1808 1261 non
1840 1200 1926 1261 sit
1951 1157 2091 1282 plus
2119 1217 2401 1263 caussae
2427 1200 2698 1267 futurum

491 1351 681 1417 quam
728 1333 790 1394 in
833 1334 1078 1394 habeon
1114 1338 1410 1409 pactam:
1452 1340 1524 1393 at
1562 1332 1885 1412 aliquanto
1933 1331 2096 1395 adeo
2139 1334 2347 1397 minus
2377 1353 2535 1398 esse
2565 1338 2702 1399 hinc

490 1464 873 1550 perspicitur
900 1462 1102 1545 quod,
1141 1463 1196 1523 si
1243 1458 1455 1524 ualen’
1498 1458 1720 1524 audin’
1764 1462 2107 1546 scribatur,
2149 1464 2314 1528 haee
2340 1485 2465 1529 non
2493 1472 2702 1548 possis

489 1616 618 1661 non
661 1614 774 1677 pro
817 1596 1050 1658 ualens
1090 1597 1328 1656 audine
1370 1593 1541 1656 diota
1583 1594 1916 1675 accipere,
1976 1613 2142 1676 qnae
2193 1603 2410 1658 tamen
2461 1596 2703 1662 formae

496 1747 818 1810 nunquam
848 1728 1058 1790 fuere:
1086 1745 1227 1789 nam
1259 1745 1382 1789 una
1414 1726 1769 1810 eademque
1795 1733 2147 1793 mutatione
2178 1732 2407 1810 plenae
2438 1734 2699 1796 ualeam

490 1864 761 1924 audisne
803 1875 1005 1920 voees
1054 1869 1120 1921 et
1158 1880 1195 1919 ε
1239 1868 1307 1921 et
1350 1878 1386 1919 e
1427 1859 1799 1939 amiserunt,
1838 1878 1962 1924 nec
2003 1861 2206 1943 magis
2253 1863 2486 1926 uatem
2509 1883 2694 1946 quun

490 1996 723 2059 ualeam
764 1990 1174 2054 admiserunt.
1219 1991 1389 2053 Hinc
1419 1991 1612 2073 igitur
1660 2001 2156 2056 consentaneum
2201 1992 2413 2057 visum
2460 2001 2703 2076 (quan-

494 2145 686 2210 quam
732 2125 945 2188 talium
987 2123 1220 2186 nullam
1266 2141 1419 2184 esse
1461 2124 1916 2185 necessitatem
1967 2122 2304 2205 largimur)
2347 2128 2492 2187 sine
2538 2145 2703 2208 apo·

495 2261 762 2341 stropho
816 2260 1006 2322 etiam
1054 2268 1205 2323 ante
1250 2258 1549 2320 vocalem
1593 2260 1784 2319 uiden
1832 2264 2085 2334 eyestas
2129 2276 2191 2318 v.
2231 2257 2358 2321 847
2397 2259 2599 2322 scribi
2640 2270 2704 2324 et

490 2395 640 2455 abin
685 2394 835 2456 ltine
876 2413 939 2461 v,
969 2391 1110 2457 457.
1197 2392 1322 2457 Cui
1367 2394 1621 2455 minime
1663 2398 2001 2475 repugnat,
2049 2389 2216 2475 quod
2263 2389 2535 2455 eandem
2581 2392 2701 2456 ad·-

493 2526 767 2591 didimus
823 2527 1277 2610 apostrophum
1331 2527 1391 2590 in
1445 2531 1642 2606 potin'
1685 2536 1790 2603 ut,
1853 2522 2046 2588 ealin’
2090 2546 2205 2603 eqo
2264 2545 2325 2587 v.
2365 2526 2507 2593 628.
2557 2526 2701 2589 759.

486 2660 632 2723 925.
682 2661 863 2726 1013.
914 2662 1098 2743 1071,
1142 2663 1244 2724 ubi
1290 2662 1351 2724 id
1396 2660 1647 2742 eadem,
1691 2643 1857 2743 qu'ae
1901 2662 1963 2723 in
2003 2662 2123 2724 mis
2159 2659 2493 2739 dissuasit,
2539 2661 2700 2723 :auo

483 2794 753 2859 suadete
820 2815 963 2857 nam
1027 2797 1265 2876 probae
1321 2806 1470 2858 sunt
1522 2805 1590 2858 et
1644 2796 1917 2857 usitatae
1978 2794 2159 2875 ipsae
2213 2801 2421 2857 satine
2475 2800 2698 2874 potine

485 2926 733 2989 formae
775 2930 873 3000 (v.
912 2927 1072 2989 1177
1114 2928 1254 2989 coll.
1302 2928 1433 2989 Mil.
1477 2947 1568 3007 iv,
1613 2931 1677 3009 4,
1720 2929 1863 3010 41),
1907 2947 2069 3010 quas
2113 2929 2395 3019 linguam
2442 2939 2700 3009 praeter

488 3066 718 3126 uidene
781 3066 967 3126 ubine
1019 3062 1356 3126 admisisse
1398 3083 1523 3126 non
1583 3075 1685 3126 est
1737 3063 2003 3144 mirum,
2068 3080 2213 3124 cum
2273 3062 2400 3125 hoe
2453 3062 2705 3125 intersit

491 3194 658 3275 quod
718 3193 821 3257 hie
878 3194 1107 3277 longa,
1168 3195 1382 3258 brevis
1440 3195 1564 3256 illie
1623 3193 1869 3257 vocalis
1919 3215 1955 3253 s
2009 3193 2280 3255 litteram
2338 3195 2700 3274 praecedit.

485 3329 656 3392 Nam
710 3327 879 3411 quod
937 3336 1112 3391 certa
1171 3327 1442 3410 quadam
1504 3328 1757 3390 licentia
1812 3328 2054 3389 veteris
2114 3328 2457 3409 prosodiae
2503 3330 2700 3391 etiam

480 3465 666 3523 viden
706 3464 854 3523 abin
899 3464 1253 3543 (nunquam
1298 3464 1533 3538 auden,
1573 3465 1806 3533 audin)
1851 3470 2148 3545 correpta
2178 3464 2384 3525 vocali
2407 3482 2700 3543 pronun-

479 3593 634 3656 tiata
696 3602 885 3674 sunt,
950 3593 1009 3657 id
1069 3595 1151 3658 ad
1210 3583 1591 3676 primitivam
1652 3606 1941 3658 naturam
2000 3596 2138 3657 eius
2197 3592 2490 3674 syllabae
2552 3592 2699 3654 nibil

481 3726 774 3809 pertinet.
876 3727 1074 3807 Igitur
1128 3738 1195 3789 ut
1253 3729 1647 3810 complectar
1702 3727 1782 3789 de
1837 3745 1920 3823 gae
1970 3726 2281 3807 particula
2336 3725 2698 3807 disputata,

481 3862 632 3929 illud
675 3860 913 3942 studui,
958 3872 1026 3925 ut.
1068 3872 1368 3944 quantum
1411 3881 1667 3944 possem
1699 3860 1918 3923 inutile
1947 3859 2317 3940 apostroplii
2344 3858 2694 3921 artificium

472 4015 513 4059 a
555 3997 788 4059 Plauto
835 4013 1098 4076 prorsus
1141 4014 1579 4059 removerem:
1643 4014 1767 4057 non
1820 4011 2022 4056 ausus
2068 4002 2282 4055 tamen
2330 3994 2693 4074 expellere,

480 4129 584 4191 ubi
629 4131 848 4210 graeei
895 4132 1086 4192 moris
1146 4130 1481 4194 affectatio
1537 4135 1727 4195 etiam
1773 4142 1983 4194 notam
2031 4132 2310 4197 Graecis
2355 4132 2692 4214 probatam

473 4262 840 4342 requireret.
929 4263 1115 4343 Quae
1169 4284 1411 4348 genera
1454 4285 1535 4328 ne
1581 4263 1942 4328 discernere
1997 4263 2245 4346 quidem
2303 4270 2690 4346 potuissem,
