<?xml version="1.0" encoding="UTF-8"?>
<!DOCTYPE html PUBLIC "-//W3C//DTD XHTML 1.0 Transitional//EN"
    "http://www.w3.org/TR/xhtml1/DTD/xhtml1-transitional.dtd">
<html xmlns="http://www.w3.org/1999/xhtml" xml:lang="en" lang="en">
 <head>
  <title>
</title>
<meta http-equiv="Content-Type" content="text/html;charset=utf-8" />
  <meta name='ocr-system' content='tesseract 3.04.00' />
  <meta name='ocr-capabilities' content='ocr_page ocr_carea ocr_par ocr_line ocrx_word'/>
</head>
<body>
  <div class='ocr_page' id='page_1' title='image "./tmacciplauticom03ritsgoog_0074.png"; bbox 0 0 2824 4890; ppageno 0'>
   <div class='ocr_carea' id='block_1_1' title="bbox 490 340 2646 600">
    <p class='ocr_par' dir='ltr' id='par_1_1' title="bbox 490 340 2646 600">
     <span class='ocr_line' id='line_1_1' title="bbox 490 340 679 403; baseline -0.005 0"><span class='ocrx_word' id='word_1_1' title='bbox 490 340 679 403; x_wconf 74' lang='lat' dir='ltr'><strong>Lxx</strong></span> 
     </span>
     <span class='ocr_line' id='line_1_2' title="bbox 499 514 2646 600; baseline -0.005 -18"><span class='ocrx_word' id='word_1_2' title='bbox 499 524 675 583; x_wconf 75' lang='lat' dir='ltr'><strong>dicta</strong></span> <span class='ocrx_word' id='word_1_3' title='bbox 716 523 858 584; x_wconf 86' lang='lat' dir='ltr'><strong>sive</strong></span> <span class='ocrx_word' id='word_1_4' title='bbox 904 523 1138 592; x_wconf 66' lang='lat' dir='ltr'><strong>conio,-</strong></span> <span class='ocrx_word' id='word_1_5' title='bbox 1197 518 1316 581; x_wconf 83' lang='grc'><strong>681</strong></span> <span class='ocrx_word' id='word_1_6' title='bbox 1365 524 1508 596; x_wconf 79' lang='lat' dir='ltr'><strong>uia,</strong></span> <span class='ocrx_word' id='word_1_7' title='bbox 1576 515 1899 600; x_wconf 79' lang='lat' dir='ltr'><strong>837·tuo‚</strong></span> <span class='ocrx_word' id='word_1_8' title='bbox 1949 518 2077 582; x_wconf 76' lang='lat'><strong>943</strong></span> <span class='ocrx_word' id='word_1_9' title='bbox 2115 521 2276 597; x_wconf 73' lang='lat' dir='ltr'><strong>eh05</strong></span> <span class='ocrx_word' id='word_1_10' title='bbox 2325 514 2646 591; x_wconf 60' lang='lat'><strong>105455120,</strong></span> 
     </span>
    </p>
   </div>
   <div class='ocr_carea' id='block_1_2' title="bbox 490 651 2656 1398">
    <p class='ocr_par' dir='ltr' id='par_1_2' title="bbox 490 651 2656 1398">
     <span class='ocr_line' id='line_1_3' title="bbox 494 651 2649 736; baseline -0.006 -20"><span class='ocrx_word' id='word_1_11' title='bbox 494 652 664 736; x_wconf 89' lang='lat' dir='ltr'><strong>quod</strong></span> <span class='ocrx_word' id='word_1_12' title='bbox 709 653 815 716; x_wconf 87' lang='lat' dir='ltr'><strong>vel</strong></span> <span class='ocrx_word' id='word_1_13' title='bbox 856 653 1107 734; x_wconf 88' lang='lat' dir='ltr'><strong>positio,</strong></span> <span class='ocrx_word' id='word_1_14' title='bbox 1155 671 1320 735; x_wconf 88' lang='lat' dir='ltr'><strong>quae</strong></span> <span class='ocrx_word' id='word_1_15' title='bbox 1362 656 1428 713; x_wconf 81' lang='lat' dir='ltr'><strong>in</strong></span> <span class='ocrx_word' id='word_1_16' title='bbox 1472 652 1617 714; x_wconf 88' lang='lat' dir='ltr'><strong>aliis</strong></span> <span class='ocrx_word' id='word_1_17' title='bbox 1660 651 1991 715; x_wconf 67' lang='lat' dir='ltr'><strong>codicibus</strong></span> <span class='ocrx_word' id='word_1_18' title='bbox 2015 656 2286 734; x_wconf 85' lang='lat' dir='ltr'><strong>aliaest,</strong></span> <span class='ocrx_word' id='word_1_19' title='bbox 2327 653 2649 730; x_wconf 86' lang='lat' dir='ltr'><strong>suspectum</strong></span> 
     </span>
     <span class='ocr_line' id='line_1_4' title="bbox 498 783 2654 866; baseline -0.006 -18"><span class='ocrx_word' id='word_1_20' title='bbox 498 784 741 849; x_wconf 80' lang='lat' dir='ltr'>reddit:</span> <span class='ocrx_word' id='word_1_21' title='bbox 813 785 1080 866; x_wconf 81' lang='lat' dir='ltr'>integris</span> <span class='ocrx_word' id='word_1_22' title='bbox 1145 792 1357 845; x_wconf 86' lang='lat' dir='ltr'><strong>autem</strong></span> <span class='ocrx_word' id='word_1_23' title='bbox 1423 784 1721 846; x_wconf 87' lang='lat' dir='ltr'><strong>versibus</strong></span> <span class='ocrx_word' id='word_1_24' title='bbox 1782 786 2242 866; x_wconf 84' lang='lat' dir='ltr'><strong>comprehensa</strong></span> <span class='ocrx_word' id='word_1_25' title='bbox 2300 783 2654 864; x_wconf 78' lang='lat' dir='ltr'><strong>glossemata</strong></span> 
     </span>
     <span class='ocr_line' id='line_1_5' title="bbox 498 908 2650 1001; baseline -0.005 -19"><span class='ocrx_word' id='word_1_26' title='bbox 498 921 637 992; x_wconf 86' lang='lat' dir='ltr'><strong>(vel</strong></span> <span class='ocrx_word' id='word_1_27' title='bbox 681 922 745 981; x_wconf 92' lang='lat' dir='ltr'><strong>in</strong></span> <span class='ocrx_word' id='word_1_28' title='bbox 789 939 1094 981; x_wconf 87' lang='lat' dir='ltr'><strong>versuum</strong></span> <span class='ocrx_word' id='word_1_29' title='bbox 1154 921 1438 1001; x_wconf 91' lang='lat' dir='ltr'><strong>speciem</strong></span> <span class='ocrx_word' id='word_1_30' title='bbox 1501 930 1729 1000; x_wconf 86' lang='lat' dir='ltr'><strong>postea</strong></span> <span class='ocrx_word' id='word_1_31' title='bbox 1789 920 2268 993; x_wconf 86' lang='lat' dir='ltr'><strong>transformata)</strong></span> <span class='ocrx_word' id='word_1_32' title='bbox 2319 918 2403 979; x_wconf 77' lang='grc'><strong>48</strong></span> <span class='ocrx_word' id='word_1_33' title='bbox 2443 933 2530 995; x_wconf 87' lang='lat' dir='ltr'><strong>sq.</strong></span> <span class='ocrx_word' id='word_1_34' title='bbox 2570 908 2650 971; x_wconf 76' lang='grc'><strong>74.</strong></span> 
     </span>
     <span class='ocr_line' id='line_1_6' title="bbox 490 1044 2656 1133; baseline -0.003 -21"><span class='ocrx_word' id='word_1_35' title='bbox 490 1050 592 1112; x_wconf 77' lang='grc'><strong>93.</strong></span> <span class='ocrx_word' id='word_1_36' title='bbox 635 1048 788 1132; x_wconf 78' lang='lat'><strong>263,</strong></span> <span class='ocrx_word' id='word_1_37' title='bbox 834 1050 938 1112; x_wconf 93' lang='lat' dir='ltr'><strong>ubi</strong></span> <span class='ocrx_word' id='word_1_38' title='bbox 981 1050 1043 1111; x_wconf 90' lang='lat' dir='ltr'><strong>in</strong></span> <span class='ocrx_word' id='word_1_39' title='bbox 1087 1052 1205 1114; x_wconf 81' lang='lat'><strong>01)</strong></span> <span class='ocrx_word' id='word_1_40' title='bbox 1249 1050 1501 1113; x_wconf 88' lang='lat' dir='ltr'><strong>demum</strong></span> <span class='ocrx_word' id='word_1_41' title='bbox 1538 1055 1828 1114; x_wconf 90' lang='lat' dir='ltr'><strong>accessit</strong></span> <span class='ocrx_word' id='word_1_42' title='bbox 1866 1058 2077 1133; x_wconf 82' lang='lat' dir='ltr'><strong>enim,·</strong></span> <span class='ocrx_word' id='word_1_43' title='bbox 2118 1051 2259 1114; x_wconf 75' lang='lat'><strong>312.</strong></span> <span class='ocrx_word' id='word_1_44' title='bbox 2287 1048 2410 1112; x_wconf 85' lang='grc'><strong>368</strong></span> <span class='ocrx_word' id='word_1_45' title='bbox 2436 1054 2498 1107; x_wconf 91' lang='lat' dir='ltr'><strong>et</strong></span> <span class='ocrx_word' id='word_1_46' title='bbox 2523 1044 2656 1104; x_wconf 74' lang='lat' dir='ltr'><strong>inter</strong></span> 
     </span>
     <span class='ocr_line' id='line_1_7' title="bbox 494 1174 2654 1264; baseline -0.003 -18"><span class='ocrx_word' id='word_1_47' title='bbox 494 1185 640 1246; x_wconf 74' lang='lat'><strong>427.</strong></span> <span class='ocrx_word' id='word_1_48' title='bbox 683 1184 809 1246; x_wconf 72' lang='lat'><strong>428</strong></span> <span class='ocrx_word' id='word_1_49' title='bbox 849 1183 1098 1264; x_wconf 86' lang='lat' dir='ltr'><strong>medio,</strong></span> <span class='ocrx_word' id='word_1_50' title='bbox 1149 1199 1314 1264; x_wconf 87' lang='lat' dir='ltr'><strong>quos</strong></span> <span class='ocrx_word' id='word_1_51' title='bbox 1379 1183 1529 1244; x_wconf 88' lang='lat' dir='ltr'><strong>item</strong></span> <span class='ocrx_word' id='word_1_52' title='bbox 1589 1183 1751 1246; x_wconf 89' lang='lat' dir='ltr'><strong>alius</strong></span> <span class='ocrx_word' id='word_1_53' title='bbox 1793 1188 1856 1246; x_wconf 87' lang='lat' dir='ltr'><strong>iu</strong></span> <span class='ocrx_word' id='word_1_54' title='bbox 1899 1185 2043 1249; x_wconf 86' lang='lat' dir='ltr'><strong>aliis</strong></span> <span class='ocrx_word' id='word_1_55' title='bbox 2096 1185 2270 1249; x_wconf 87' lang='lat' dir='ltr'><strong>libris</strong></span> <span class='ocrx_word' id='word_1_56' title='bbox 2326 1181 2514 1258; x_wconf 88' lang='lat' dir='ltr'><strong>ordo,</strong></span> <span class='ocrx_word' id='word_1_57' title='bbox 2572 1174 2654 1256; x_wconf 83' lang='lat' dir='ltr'><strong>qui</strong></span> 
     </span>
     <span class='ocr_line' id='line_1_8' title="bbox 491 1311 2654 1398; baseline -0.01 -17"><span class='ocrx_word' id='word_1_58' title='bbox 491 1335 694 1398; x_wconf 86' lang='lat' dir='ltr'><strong>saepe</strong></span> <span class='ocrx_word' id='word_1_59' title='bbox 737 1312 1236 1396; x_wconf 77' lang='lat' dir='ltr'><strong>interpolationis</strong></span> <span class='ocrx_word' id='word_1_60' title='bbox 1282 1311 1507 1376; x_wconf 88' lang='lat' dir='ltr'><strong>indicio</strong></span> <span class='ocrx_word' id='word_1_61' title='bbox 1552 1322 1688 1394; x_wconf 90' lang='lat' dir='ltr'><strong>est,</strong></span> <span class='ocrx_word' id='word_1_62' title='bbox 1744 1311 2022 1375; x_wconf 86' lang='lat' dir='ltr'><strong>ficticios</strong></span> <span class='ocrx_word' id='word_1_63' title='bbox 2064 1313 2309 1395; x_wconf 81' lang='lat' dir='ltr'><strong>prodit3</strong></span> <span class='ocrx_word' id='word_1_64' title='bbox 2373 1315 2654 1390; x_wconf 86' lang='lat' dir='ltr'><strong>postremo</strong></span> 
     </span>
    </p>
   </div>
   <div class='ocr_carea' id='block_1_3' title="bbox 490 1434 2780 1528">
    <p class='ocr_par' dir='ltr' id='par_1_3' title="bbox 490 1434 2780 1528">
     <span class='ocr_line' id='line_1_9' title="bbox 490 1434 2780 1528; baseline -0.011 -11"><span class='ocrx_word' id='word_1_65' title='bbox 490 1476 555 1517; x_wconf 86' lang='lat' dir='ltr'><strong>v.</strong></span> <span class='ocrx_word' id='word_1_66' title='bbox 601 1455 761 1516; x_wconf 86' lang='lat' dir='ltr'><strong>inter</strong></span> <span class='ocrx_word' id='word_1_67' title='bbox 800 1452 927 1515; x_wconf 83' lang='grc'><strong>788</strong></span> <span class='ocrx_word' id='word_1_68' title='bbox 971 1461 1036 1514; x_wconf 89' lang='lat' dir='ltr'><strong>et</strong></span> <span class='ocrx_word' id='word_1_69' title='bbox 1079 1452 1205 1515; x_wconf 86' lang='grc'><strong>789</strong></span> <span class='ocrx_word' id='word_1_70' title='bbox 1245 1450 1474 1513; x_wconf 88' lang='lat' dir='ltr'><strong>medio.</strong></span> <span class='ocrx_word' id='word_1_71' title='bbox 1560 1449 1839 1528; x_wconf 82' lang='lat' dir='ltr'><strong>Quorum</strong></span> <span class='ocrx_word' id='word_1_72' title='bbox 1888 1467 2196 1510; x_wconf 85' lang='lat' dir='ltr'><strong>versuum</strong></span> <span class='ocrx_word' id='word_1_73' title='bbox 2242 1464 2379 1523; x_wconf 89' lang='lat' dir='ltr'><strong>eos,</strong></span> <span class='ocrx_word' id='word_1_74' title='bbox 2421 1440 2516 1524; x_wconf 87' lang='lat' dir='ltr'><strong>qui</strong></span> <span class='ocrx_word' id='word_1_75' title='bbox 2553 1434 2656 1498; x_wconf 89' lang='lat' dir='ltr'><strong>mi-</strong></span> <span class='ocrx_word' id='word_1_76' title='bbox 2779 1470 2780 1479; x_wconf 25' lang='grc' dir='ltr'><strong>κ</strong></span> 
     </span>
    </p>
   </div>
   <div class='ocr_carea' id='block_1_4' title="bbox 495 1564 2657 1665">
    <p class='ocr_par' dir='ltr' id='par_1_4' title="bbox 495 1564 2657 1665">
     <span class='ocr_line' id='line_1_10' title="bbox 495 1564 2657 1665; baseline -0.01 -15"><span class='ocrx_word' id='word_1_77' title='bbox 495 1605 645 1650; x_wconf 86' lang='lat' dir='ltr'><strong>sere</strong></span> <span class='ocrx_word' id='word_1_78' title='bbox 703 1585 995 1648; x_wconf 87' lang='lat' dir='ltr'><strong>consutis</strong></span> <span class='ocrx_word' id='word_1_79' title='bbox 1049 1584 1274 1665; x_wconf 88' lang='lat' dir='ltr'><strong>pannis</strong></span> <span class='ocrx_word' id='word_1_80' title='bbox 1318 1602 1398 1645; x_wconf 90' lang='lat' dir='ltr'><strong>ne</strong></span> <span class='ocrx_word' id='word_1_81' title='bbox 1440 1580 1520 1643; x_wconf 90' lang='lat' dir='ltr'><strong>ad</strong></span> <span class='ocrx_word' id='word_1_82' title='bbox 1563 1597 1864 1642; x_wconf 88' lang='lat' dir='ltr'><strong>numeros</strong></span> <span class='ocrx_word' id='word_1_83' title='bbox 1908 1578 2160 1661; x_wconf 87' lang='lat' dir='ltr'><strong>quidem</strong></span> <span class='ocrx_word' id='word_1_84' title='bbox 2209 1584 2385 1641; x_wconf 86' lang='lat' dir='ltr'><strong>recte</strong></span> <span class='ocrx_word' id='word_1_85' title='bbox 2427 1564 2657 1633; x_wconf 82' lang='lat' dir='ltr'><strong>incede-</strong></span> 
     </span>
    </p>
   </div>
   <div class='ocr_carea' id='block_1_5' title="bbox 497 1710 2780 1804">
    <p class='ocr_par' dir='ltr' id='par_1_5' title="bbox 497 1710 2780 1804">
     <span class='ocr_line' id='line_1_11' title="bbox 497 1710 2780 1804; baseline -0.011 -19"><span class='ocrx_word' id='word_1_86' title='bbox 497 1733 658 1804; x_wconf 87' lang='lat' dir='ltr'><strong>rent,</strong></span> <span class='ocrx_word' id='word_1_87' title='bbox 704 1742 742 1783; x_wconf 91' lang='lat' dir='ltr'><strong>a</strong></span> <span class='ocrx_word' id='word_1_88' title='bbox 788 1722 1226 1785; x_wconf 87' lang='lat' dir='ltr'><strong>Plautinorum</strong></span> <span class='ocrx_word' id='word_1_89' title='bbox 1279 1718 1696 1780; x_wconf 80' lang='lat' dir='ltr'><strong>continuitate</strong></span> <span class='ocrx_word' id='word_1_90' title='bbox 1734 1732 2001 1796; x_wconf 85' lang='lat' dir='ltr'><strong>prorsus</strong></span> <span class='ocrx_word' id='word_1_91' title='bbox 2045 1716 2350 1777; x_wconf 87' lang='lat' dir='ltr'><strong>exclusos</strong></span> <span class='ocrx_word' id='word_1_92' title='bbox 2389 1710 2447 1769; x_wconf 92' lang='lat' dir='ltr'><strong>in</strong></span> <span class='ocrx_word' id='word_1_93' title='bbox 2487 1718 2657 1767; x_wconf 86' lang='lat' dir='ltr'><strong>anno·</strong></span> <span class='ocrx_word' id='word_1_94' title='bbox 2778 1739 2780 1773; x_wconf 55' lang='lat'>3</span> 
     </span>
    </p>
   </div>
   <div class='ocr_carea' id='block_1_6' title="bbox 496 1839 2656 1934">
    <p class='ocr_par' dir='ltr' id='par_1_6' title="bbox 496 1839 2656 1934">
     <span class='ocr_line' id='line_1_12' title="bbox 496 1839 2656 1934; baseline -0.005 -19"><span class='ocrx_word' id='word_1_95' title='bbox 496 1854 797 1915; x_wconf 86' lang='lat' dir='ltr'><strong>tationem</strong></span> <span class='ocrx_word' id='word_1_96' title='bbox 846 1854 1062 1934; x_wconf 86' lang='lat' dir='ltr'><strong>reieci,</strong></span> <span class='ocrx_word' id='word_1_97' title='bbox 1102 1852 1336 1933; x_wconf 90' lang='lat' dir='ltr'><strong>pariter</strong></span> <span class='ocrx_word' id='word_1_98' title='bbox 1377 1861 1570 1932; x_wconf 87' lang='lat' dir='ltr'><strong>atque</strong></span> <span class='ocrx_word' id='word_1_99' title='bbox 1609 1851 1689 1915; x_wconf 86' lang='lat' dir='ltr'><strong>ab</strong></span> <span class='ocrx_word' id='word_1_100' title='bbox 1735 1854 1873 1933; x_wconf 88' lang='lat' dir='ltr'><strong>ipso</strong></span> <span class='ocrx_word' id='word_1_101' title='bbox 1909 1853 1968 1914; x_wconf 87' lang='lat' dir='ltr'><strong><em>A</em></strong></span> <span class='ocrx_word' id='word_1_102' title='bbox 2015 1852 2142 1914; x_wconf 91' lang='lat' dir='ltr'><strong>iam</strong></span> <span class='ocrx_word' id='word_1_103' title='bbox 2178 1850 2476 1913; x_wconf 87' lang='lat' dir='ltr'><strong>omissum</strong></span> <span class='ocrx_word' id='word_1_104' title='bbox 2514 1839 2656 1900; x_wconf 81' lang='lat' dir='ltr'><strong>illum</strong></span> 
     </span>
    </p>
   </div>
   <div class='ocr_carea' id='block_1_7' title="bbox 493 1952 2781 2071">
    <p class='ocr_par' dir='ltr' id='par_1_7' title="bbox 493 1952 2781 2071">
     <span class='ocr_line' id='line_1_13' title="bbox 493 1952 2781 2071; baseline -0.009 -20"><span class='ocrx_word' id='word_1_105' title='bbox 493 1993 601 2071; x_wconf 84' lang='lat' dir='ltr'><strong>qui</strong></span> <span class='ocrx_word' id='word_1_106' title='bbox 646 1952 792 2068; x_wconf 75' lang='lat' dir='ltr'><strong>post</strong></span> <span class='ocrx_word' id='word_1_107' title='bbox 833 2007 898 2049; x_wconf 76' lang='lat' dir='ltr'><strong>v,</strong></span> <span class='ocrx_word' id='word_1_108' title='bbox 937 1985 1023 2049; x_wconf 75' lang='lat'><strong>72</strong></span> <span class='ocrx_word' id='word_1_109' title='bbox 1065 1986 1438 2069; x_wconf 70' lang='lat' dir='ltr'><strong>legebaturz</strong></span> <span class='ocrx_word' id='word_1_110' title='bbox 1483 1986 1796 2067; x_wconf 72' lang='lat' dir='ltr'><strong>reliquoS,</strong></span> <span class='ocrx_word' id='word_1_111' title='bbox 1844 1985 1951 2066; x_wconf 89' lang='lat' dir='ltr'><strong>qui</strong></span> <span class='ocrx_word' id='word_1_112' title='bbox 1996 1983 2076 2047; x_wconf 90' lang='lat' dir='ltr'><strong>ad</strong></span> <span class='ocrx_word' id='word_1_113' title='bbox 2121 2000 2425 2047; x_wconf 88' lang='lat' dir='ltr'><strong>versuum</strong></span> <span class='ocrx_word' id='word_1_114' title='bbox 2466 1968 2657 2038; x_wconf 81' lang='lat' dir='ltr'><strong>simili·</strong></span> <span class='ocrx_word' id='word_1_115' title='bbox 2778 1998 2781 2030; x_wconf 65' lang='lat' dir='ltr'><strong>l</strong></span> 
     </span>
    </p>
   </div>
   <div class='ocr_carea' id='block_1_8' title="bbox 492 2099 2780 2198">
    <p class='ocr_par' dir='ltr' id='par_1_8' title="bbox 492 2099 2780 2198">
     <span class='ocr_line' id='line_1_14' title="bbox 492 2099 2780 2198; baseline -0.01 -18"><span class='ocrx_word' id='word_1_116' title='bbox 492 2117 777 2181; x_wconf 79' lang='lat' dir='ltr'><strong>tudinem</strong></span> <span class='ocrx_word' id='word_1_117' title='bbox 820 2127 933 2180; x_wconf 88' lang='lat' dir='ltr'><strong>aut</strong></span> <span class='ocrx_word' id='word_1_118' title='bbox 974 2117 1188 2198; x_wconf 85' lang='lat' dir='ltr'><strong>aliquo</strong></span> <span class='ocrx_word' id='word_1_119' title='bbox 1235 2125 1345 2179; x_wconf 88' lang='lat' dir='ltr'><strong>aut</strong></span> <span class='ocrx_word' id='word_1_120' title='bbox 1389 2115 1693 2198; x_wconf 78' lang='lat' dir='ltr'><strong>probabili</strong></span> <span class='ocrx_word' id='word_1_121' title='bbox 1737 2116 1845 2194; x_wconf 83' lang='lat' dir='ltr'><strong>(ut</strong></span> <span class='ocrx_word' id='word_1_122' title='bbox 1882 2115 2039 2190; x_wconf 72' lang='lat'><strong>312)</strong></span> <span class='ocrx_word' id='word_1_123' title='bbox 2095 2133 2416 2178; x_wconf 86' lang='lat' dir='ltr'><strong>successu</strong></span> <span class='ocrx_word' id='word_1_124' title='bbox 2458 2099 2658 2170; x_wconf 81' lang='lat' dir='ltr'><strong>redacti</strong></span> <span class='ocrx_word' id='word_1_125' title='bbox 2777 2138 2780 2161; x_wconf 55' lang='lat'><em>2</em></span> 
     </span>
    </p>
   </div>
   <div class='ocr_carea' id='block_1_9' title="bbox 501 2230 2780 2330">
    <p class='ocr_par' dir='ltr' id='par_1_9' title="bbox 501 2230 2780 2330">
     <span class='ocr_line' id='line_1_15' title="bbox 501 2230 2780 2330; baseline -0.007 -19"><span class='ocrx_word' id='word_1_126' title='bbox 501 2257 759 2330; x_wconf 82' lang='lat' dir='ltr'><strong>esseut,</strong></span> <span class='ocrx_word' id='word_1_127' title='bbox 832 2246 1141 2308; x_wconf 88' lang='lat' dir='ltr'><strong>cancellis</strong></span> <span class='ocrx_word' id='word_1_128' title='bbox 1205 2246 1452 2309; x_wconf 88' lang='lat' dir='ltr'><strong>inclusi.</strong></span> <span class='ocrx_word' id='word_1_129' title='bbox 1556 2244 1862 2307; x_wconf 88' lang='lat' dir='ltr'><strong>Ceterum</strong></span> <span class='ocrx_word' id='word_1_130' title='bbox 1921 2264 2042 2307; x_wconf 89' lang='lat' dir='ltr'><strong>non</strong></span> <span class='ocrx_word' id='word_1_131' title='bbox 2104 2245 2556 2328; x_wconf 80' lang='lat' dir='ltr'><strong>glossematum</strong></span> <span class='ocrx_word' id='word_1_132' title='bbox 2612 2230 2657 2291; x_wconf 81' lang='lat' dir='ltr'><strong>in</strong></span> <span class='ocrx_word' id='word_1_133' title='bbox 2779 2270 2780 2295; x_wconf 60' lang='lat' dir='ltr'><strong>l</strong></span> 
     </span>
    </p>
   </div>
   <div class='ocr_carea' id='block_1_10' title="bbox 493 2365 2780 2458">
    <p class='ocr_par' dir='ltr' id='par_1_10' title="bbox 493 2365 2780 2458">
     <span class='ocr_line' id='line_1_16' title="bbox 493 2365 2780 2458; baseline -0.007 -13"><span class='ocrx_word' id='word_1_134' title='bbox 493 2400 756 2445; x_wconf 88' lang='lat' dir='ltr'><strong>numero</strong></span> <span class='ocrx_word' id='word_1_135' title='bbox 795 2377 1146 2458; x_wconf 87' lang='lat' dir='ltr'><strong>habendos,</strong></span> <span class='ocrx_word' id='word_1_136' title='bbox 1191 2376 1309 2439; x_wconf 90' lang='lat' dir='ltr'><strong>sed</strong></span> <span class='ocrx_word' id='word_1_137' title='bbox 1356 2394 1571 2438; x_wconf 89' lang='lat' dir='ltr'><strong>errore</strong></span> <span class='ocrx_word' id='word_1_138' title='bbox 1615 2374 2007 2438; x_wconf 77' lang='lat' dir='ltr'><strong>librariorum</strong></span> <span class='ocrx_word' id='word_1_139' title='bbox 2050 2377 2318 2441; x_wconf 87' lang='lat' dir='ltr'><strong>iteratos</strong></span> <span class='ocrx_word' id='word_1_140' title='bbox 2361 2391 2535 2452; x_wconf 87' lang='lat' dir='ltr'><strong>esse,</strong></span> <span class='ocrx_word' id='word_1_141' title='bbox 2575 2365 2658 2447; x_wconf 84' lang='lat' dir='ltr'><strong>qui</strong></span> <span class='ocrx_word' id='word_1_142' title='bbox 2779 2420 2780 2429; x_wconf 73' lang='grc'>,</span> 
     </span>
    </p>
   </div>
   <div class='ocr_carea' id='block_1_11' title="bbox 490 2505 2780 2594">
    <p class='ocr_par' dir='ltr' id='par_1_11' title="bbox 490 2505 2780 2594">
     <span class='ocr_line' id='line_1_17' title="bbox 490 2505 2780 2594; baseline -0.006 -18"><span class='ocrx_word' id='word_1_143' title='bbox 490 2518 553 2576; x_wconf 89' lang='lat' dir='ltr'><strong>in</strong></span> <span class='ocrx_word' id='word_1_144' title='bbox 599 2514 771 2576; x_wconf 89' lang='lat' dir='ltr'><strong>libris</strong></span> <span class='ocrx_word' id='word_1_145' title='bbox 820 2505 1112 2576; x_wconf 82' lang='lat' dir='ltr'><strong>omnibus</strong></span> <span class='ocrx_word' id='word_1_146' title='bbox 1170 2514 1464 2594; x_wconf 88' lang='lat' dir='ltr'><strong>leguntur</strong></span> <span class='ocrx_word' id='word_1_147' title='bbox 1510 2519 1659 2592; x_wconf 90' lang='lat' dir='ltr'><strong>post</strong></span> <span class='ocrx_word' id='word_1_148' title='bbox 1702 2530 1764 2571; x_wconf 86' lang='lat' dir='ltr'><strong>v.</strong></span> <span class='ocrx_word' id='word_1_149' title='bbox 1806 2510 1935 2572; x_wconf 80' lang='lat'><strong>704</strong></span> <span class='ocrx_word' id='word_1_150' title='bbox 1972 2519 2039 2572; x_wconf 89' lang='lat' dir='ltr'><strong>et</strong></span> <span class='ocrx_word' id='word_1_151' title='bbox 2078 2520 2231 2591; x_wconf 87' lang='lat' dir='ltr'><strong>post</strong></span> <span class='ocrx_word' id='word_1_152' title='bbox 2271 2509 2430 2588; x_wconf 80' lang='lat'><strong>⁷05,</strong></span> <span class='ocrx_word' id='word_1_153' title='bbox 2488 2513 2657 2565; x_wconf 71' lang='lat' dir='ltr'><strong>uuus·</strong></span> <span class='ocrx_word' id='word_1_154' title='bbox 2779 2531 2780 2560; x_wconf 52' lang='grc' dir='ltr'><strong><em>τ</em></strong></span> 
     </span>
    </p>
   </div>
   <div class='ocr_carea' id='block_1_12' title="bbox 491 2645 2780 2730">
    <p class='ocr_par' dir='ltr' id='par_1_12' title="bbox 491 2645 2780 2730">
     <span class='ocr_line' id='line_1_18' title="bbox 491 2645 2780 2730; baseline -0.005 -19"><span class='ocrx_word' id='word_1_155' title='bbox 491 2650 763 2730; x_wconf 89' lang='lat' dir='ltr'><strong>quisque</strong></span> <span class='ocrx_word' id='word_1_156' title='bbox 802 2645 1138 2727; x_wconf 83' lang='lat' dir='ltr'><strong>perspicit,</strong></span> <span class='ocrx_word' id='word_1_157' title='bbox 1183 2663 1546 2728; x_wconf 86' lang='lat' dir='ltr'><strong>quanquam</strong></span> <span class='ocrx_word' id='word_1_158' title='bbox 1591 2662 1673 2706; x_wconf 86' lang='lat' dir='ltr'><strong>ex</strong></span> <span class='ocrx_word' id='word_1_159' title='bbox 1715 2650 1897 2725; x_wconf 87' lang='lat' dir='ltr'><strong>parte</strong></span> <span class='ocrx_word' id='word_1_160' title='bbox 1939 2651 2185 2706; x_wconf 80' lang='lat' dir='ltr'><strong>tantum</strong></span> <span class='ocrx_word' id='word_1_161' title='bbox 2231 2645 2428 2707; x_wconf 83' lang='lat' dir='ltr'><strong>Italus</strong></span> <span class='ocrx_word' id='word_1_162' title='bbox 2471 2650 2659 2702; x_wconf 78' lang='lat' dir='ltr'><strong>corre·</strong></span> <span class='ocrx_word' id='word_1_163' title='bbox 2779 2671 2780 2700; x_wconf 60' lang='lat'>1</span> 
     </span>
    </p>
   </div>
   <div class='ocr_carea' id='block_1_13' title="bbox 490 2779 1503 2862">
    <p class='ocr_par' dir='ltr' id='par_1_13' title="bbox 490 2779 1503 2862">
     <span class='ocr_line' id='line_1_19' title="bbox 490 2779 1503 2862; baseline -0.003 -19"><span class='ocrx_word' id='word_1_164' title='bbox 490 2791 630 2845; x_wconf 92' lang='lat' dir='ltr'><strong>ctor</strong></span> <span class='ocrx_word' id='word_1_165' title='bbox 676 2783 1004 2862; x_wconf 85' lang='lat' dir='ltr'><strong>perspexit</strong></span> <span class='ocrx_word' id='word_1_166' title='bbox 1048 2796 1188 2840; x_wconf 90' lang='lat' dir='ltr'><strong>curn</strong></span> <span class='ocrx_word' id='word_1_167' title='bbox 1236 2779 1503 2840; x_wconf 81' lang='lat' dir='ltr'><strong>Merula.</strong></span> 
     </span>
    </p>
   </div>
   <div class='ocr_carea' id='block_1_14' title="bbox 590 2904 2780 2996">
    <p class='ocr_par' dir='ltr' id='par_1_14' title="bbox 590 2904 2780 2996">
     <span class='ocr_line' id='line_1_20' title="bbox 590 2904 2780 2996; baseline -0.003 -23"><span class='ocrx_word' id='word_1_168' title='bbox 590 2983 595 2986; x_wconf 74' lang='lat'><em>,</em></span> <span class='ocrx_word' id='word_1_169' title='bbox 661 2910 849 2990; x_wconf 82' lang='lat' dir='ltr'><strong>Quod</strong></span> <span class='ocrx_word' id='word_1_170' title='bbox 894 2920 1105 2973; x_wconf 86' lang='lat' dir='ltr'><strong>autem</strong></span> <span class='ocrx_word' id='word_1_171' title='bbox 1149 2911 1451 2992; x_wconf 83' lang='lat' dir='ltr'><strong>singulari</strong></span> <span class='ocrx_word' id='word_1_172' title='bbox 1513 2911 1838 2993; x_wconf 82' lang='lat' dir='ltr'><strong>diligentia</strong></span> <span class='ocrx_word' id='word_1_173' title='bbox 1888 2932 2143 2996; x_wconf 86' lang='lat' dir='ltr'><strong>eorum,</strong></span> <span class='ocrx_word' id='word_1_174' title='bbox 2203 2931 2373 2996; x_wconf 87' lang='lat' dir='ltr'><strong>quae</strong></span> <span class='ocrx_word' id='word_1_175' title='bbox 2418 2904 2517 2969; x_wconf 81' lang='lat' dir='ltr'><strong>vel</strong></span> <span class='ocrx_word' id='word_1_176' title='bbox 2558 2916 2658 2962; x_wconf 82' lang='lat' dir='ltr'><strong>ex·</strong></span> <span class='ocrx_word' id='word_1_177' title='bbox 2778 2929 2780 2966; x_wconf 57' lang='lat'>2</span> 
     </span>
    </p>
   </div>
   <div class='ocr_carea' id='block_1_15' title="bbox 495 3033 2780 3130">
    <p class='ocr_par' dir='ltr' id='par_1_15' title="bbox 495 3033 2780 3130">
     <span class='ocr_line' id='line_1_21' title="bbox 495 3033 2780 3130; baseline -0.004 -23"><span class='ocrx_word' id='word_1_178' title='bbox 495 3045 765 3108; x_wconf 90' lang='lat' dir='ltr'><strong>ciderint</strong></span> <span class='ocrx_word' id='word_1_179' title='bbox 809 3045 869 3106; x_wconf 88' lang='lat' dir='ltr'><strong>in</strong></span> <span class='ocrx_word' id='word_1_180' title='bbox 908 3043 1239 3107; x_wconf 88' lang='lat' dir='ltr'><strong>codicibus</strong></span> <span class='ocrx_word' id='word_1_181' title='bbox 1269 3045 1376 3105; x_wconf 88' lang='lat' dir='ltr'><strong>vel</strong></span> <span class='ocrx_word' id='word_1_182' title='bbox 1406 3048 1959 3127; x_wconf 87' lang='lat' dir='ltr'><strong>transpositionem</strong></span> <span class='ocrx_word' id='word_1_183' title='bbox 1986 3066 2181 3130; x_wconf 89' lang='lat' dir='ltr'><strong>passa</strong></span> <span class='ocrx_word' id='word_1_184' title='bbox 2209 3051 2362 3128; x_wconf 89' lang='lat' dir='ltr'><strong>sint,</strong></span> <span class='ocrx_word' id='word_1_185' title='bbox 2404 3033 2660 3115; x_wconf 69' lang='lat' dir='ltr'><strong>exempl·</strong></span> <span class='ocrx_word' id='word_1_186' title='bbox 2779 3075 2780 3082; x_wconf 24' lang='grc' dir='ltr'><strong>κ</strong></span> 
     </span>
    </p>
   </div>
   <div class='ocr_carea' id='block_1_16' title="bbox 492 3164 2780 3261">
    <p class='ocr_par' dir='ltr' id='par_1_16' title="bbox 492 3164 2780 3261">
     <span class='ocr_line' id='line_1_22' title="bbox 492 3164 2780 3261; baseline -0.002 -19"><span class='ocrx_word' id='word_1_187' title='bbox 492 3179 820 3259; x_wconf 89' lang='lat' dir='ltr'><strong>superiore</strong></span> <span class='ocrx_word' id='word_1_188' title='bbox 862 3178 1072 3260; x_wconf 90' lang='lat' dir='ltr'><strong>capite</strong></span> <span class='ocrx_word' id='word_1_189' title='bbox 1116 3179 1470 3260; x_wconf 88' lang='lat' dir='ltr'><strong>composui,</strong></span> <span class='ocrx_word' id='word_1_190' title='bbox 1516 3189 1577 3242; x_wconf 91' lang='lat' dir='ltr'><strong>et</strong></span> <span class='ocrx_word' id='word_1_191' title='bbox 1607 3179 1899 3242; x_wconf 87' lang='lat' dir='ltr'><strong>consulto</strong></span> <span class='ocrx_word' id='word_1_192' title='bbox 1935 3180 2188 3260; x_wconf 87' lang='lat' dir='ltr'><strong>quidem</strong></span> <span class='ocrx_word' id='word_1_193' title='bbox 2221 3164 2663 3261; x_wconf 72' lang='lat' dir='ltr'><strong>praetermissis</strong></span> <span class='ocrx_word' id='word_1_194' title='bbox 2778 3209 2780 3238; x_wconf 63' lang='lat' dir='ltr'><em>A</em></span> 
     </span>
    </p>
   </div>
   <div class='ocr_carea' id='block_1_17' title="bbox 494 3301 2780 3395">
    <p class='ocr_par' dir='ltr' id='par_1_17' title="bbox 494 3301 2780 3395">
     <span class='ocr_line' id='line_1_23' title="bbox 494 3301 2780 3395; baseline -0.004 -18"><span class='ocrx_word' id='word_1_195' title='bbox 494 3334 758 3395; x_wconf 88' lang='lat' dir='ltr'><strong>quorum</strong></span> <span class='ocrx_word' id='word_1_196' title='bbox 804 3313 1100 3377; x_wconf 87' lang='lat' dir='ltr'><strong>iudicatio</strong></span> <span class='ocrx_word' id='word_1_197' title='bbox 1147 3335 1185 3376; x_wconf 89' lang='lat' dir='ltr'><strong>e</strong></span> <span class='ocrx_word' id='word_1_198' title='bbox 1225 3314 1619 3377; x_wconf 87' lang='lat' dir='ltr'><strong>subtiliorum</strong></span> <span class='ocrx_word' id='word_1_199' title='bbox 1666 3317 1875 3395; x_wconf 85' lang='lat' dir='ltr'><strong>legum</strong></span> <span class='ocrx_word' id='word_1_200' title='bbox 1906 3314 2311 3377; x_wconf 76' lang='lat' dir='ltr'><strong>meti-icarum</strong></span> <span class='ocrx_word' id='word_1_201' title='bbox 2354 3301 2661 3395; x_wconf 66' lang='lat' dir='ltr'><strong>prosodit-</strong></span> <span class='ocrx_word' id='word_1_202' title='bbox 2779 3341 2780 3348; x_wconf 23' lang='grc' dir='ltr'><strong>κ</strong></span> 
     </span>
    </p>
   </div>
   <div class='ocr_carea' id='block_1_18' title="bbox 488 3440 2780 3529">
    <p class='ocr_par' dir='ltr' id='par_1_18' title="bbox 488 3440 2780 3529">
     <span class='ocr_line' id='line_1_24' title="bbox 488 3440 2780 3529; baseline -0.001 -21"><span class='ocrx_word' id='word_1_203' title='bbox 488 3465 834 3527; x_wconf 88' lang='lat' dir='ltr'><strong>carumque</strong></span> <span class='ocrx_word' id='word_1_204' title='bbox 874 3445 1159 3508; x_wconf 86' lang='lat' dir='ltr'><strong>doctriua</strong></span> <span class='ocrx_word' id='word_1_205' title='bbox 1203 3446 1530 3528; x_wconf 85' lang='lat' dir='ltr'><strong>penderet,</strong></span> <span class='ocrx_word' id='word_1_206' title='bbox 1577 3445 1636 3508; x_wconf 91' lang='lat' dir='ltr'><strong>id</strong></span> <span class='ocrx_word' id='word_1_207' title='bbox 1683 3466 1836 3508; x_wconf 83' lang='lat' dir='ltr'><strong>vcro</strong></span> <span class='ocrx_word' id='word_1_208' title='bbox 1879 3450 1970 3510; x_wconf 87' lang='lat' dir='ltr'><strong>ita</strong></span> <span class='ocrx_word' id='word_1_209' title='bbox 2016 3448 2295 3529; x_wconf 87' lang='lat' dir='ltr'><strong>institui,</strong></span> <span class='ocrx_word' id='word_1_210' title='bbox 2341 3453 2407 3508; x_wconf 92' lang='lat' dir='ltr'><strong>ut</strong></span> <span class='ocrx_word' id='word_1_211' title='bbox 2442 3440 2518 3504; x_wconf 88' lang='lat' dir='ltr'><strong>ab</strong></span> <span class='ocrx_word' id='word_1_212' title='bbox 2559 3448 2660 3498; x_wconf 71' lang='lat' dir='ltr'><strong>ex·</strong></span> <span class='ocrx_word' id='word_1_213' title='bbox 2779 3499 2780 3506; x_wconf 71' lang='grc'>,</span> 
     </span>
    </p>
   </div>
   <div class='ocr_carea' id='block_1_19' title="bbox 492 3574 2781 3658">
    <p class='ocr_par' dir='ltr' id='par_1_19' title="bbox 492 3574 2781 3658">
     <span class='ocr_line' id='line_1_25' title="bbox 492 3574 2781 3658; baseline -0.001 -23"><span class='ocrx_word' id='word_1_214' title='bbox 492 3575 753 3658; x_wconf 87' lang='lat' dir='ltr'><strong>ploratis</strong></span> <span class='ocrx_word' id='word_1_215' title='bbox 798 3574 1293 3657; x_wconf 84' lang='lat' dir='ltr'><strong>indubitatisque</strong></span> <span class='ocrx_word' id='word_1_216' title='bbox 1337 3575 1661 3655; x_wconf 86' lang='lat' dir='ltr'><strong>profectus</strong></span> <span class='ocrx_word' id='word_1_217' title='bbox 1704 3584 1882 3639; x_wconf 88' lang='lat' dir='ltr'><strong>certa</strong></span> <span class='ocrx_word' id='word_1_218' title='bbox 1925 3576 2340 3640; x_wconf 87' lang='lat' dir='ltr'><strong>ratiocinandi</strong></span> <span class='ocrx_word' id='word_1_219' title='bbox 2388 3577 2490 3635; x_wconf 86' lang='lat' dir='ltr'><strong>via</strong></span> <span class='ocrx_word' id='word_1_220' title='bbox 2529 3579 2665 3648; x_wconf 69' lang='lat'>1³⁰⁸·</span> <span class='ocrx_word' id='word_1_221' title='bbox 2775 3585 2781 3634; x_wconf 64' lang='grc' dir='ltr'><em>ὲ</em></span> 
     </span>
    </p>
   </div>
   <div class='ocr_carea' id='block_1_20' title="bbox 485 3704 2780 3790">
    <p class='ocr_par' dir='ltr' id='par_1_20' title="bbox 485 3704 2780 3790">
     <span class='ocr_line' id='line_1_26' title="bbox 485 3704 2780 3790; baseline 0.001 -23"><span class='ocrx_word' id='word_1_222' title='bbox 485 3724 627 3768; x_wconf 87' lang='lat' dir='ltr'><strong>sem</strong></span> <span class='ocrx_word' id='word_1_223' title='bbox 673 3706 754 3768; x_wconf 89' lang='lat' dir='ltr'><strong>ad</strong></span> <span class='ocrx_word' id='word_1_224' title='bbox 797 3724 874 3768; x_wconf 89' lang='lat' dir='ltr'><strong>ea</strong></span> <span class='ocrx_word' id='word_1_225' title='bbox 915 3705 1233 3790; x_wconf 84' lang='lat' dir='ltr'><strong>progredi,</strong></span> <span class='ocrx_word' id='word_1_226' title='bbox 1278 3726 1445 3790; x_wconf 85' lang='lat' dir='ltr'><strong>quae</strong></span> <span class='ocrx_word' id='word_1_227' title='bbox 1488 3727 1630 3771; x_wconf 88' lang='lat' dir='ltr'><strong>cum</strong></span> <span class='ocrx_word' id='word_1_228' title='bbox 1661 3716 2005 3770; x_wconf 85' lang='lat' dir='ltr'><strong>metrorum</strong></span> <span class='ocrx_word' id='word_1_229' title='bbox 2033 3708 2366 3789; x_wconf 88' lang='lat' dir='ltr'><strong>disciplina</strong></span> <span class='ocrx_word' id='word_1_230' title='bbox 2398 3704 2665 3767; x_wconf 70' lang='lat' dir='ltr'><strong>univem</strong></span> <span class='ocrx_word' id='word_1_231' title='bbox 2778 3749 2780 3770; x_wconf 27' lang='grc' dir='ltr'><em>Α</em></span> 
     </span>
    </p>
   </div>
   <div class='ocr_carea' id='block_1_21' title="bbox 486 3823 2780 3918">
    <p class='ocr_par' dir='ltr' id='par_1_21' title="bbox 486 3823 2780 3918">
     <span class='ocr_line' id='line_1_27' title="bbox 486 3823 2780 3918; baseline -0 -15"><span class='ocrx_word' id='word_1_232' title='bbox 486 3841 826 3903; x_wconf 85' lang='lat' dir='ltr'><strong>coniuncta</strong></span> <span class='ocrx_word' id='word_1_233' title='bbox 868 3840 1143 3901; x_wconf 88' lang='lat' dir='ltr'><strong>omnium</strong></span> <span class='ocrx_word' id='word_1_234' title='bbox 1195 3843 1470 3902; x_wconf 87' lang='lat' dir='ltr'><strong>maxime</strong></span> <span class='ocrx_word' id='word_1_235' title='bbox 1511 3859 1661 3902; x_wconf 88' lang='lat' dir='ltr'><strong>esse</strong></span> <span class='ocrx_word' id='word_1_236' title='bbox 1685 3850 2105 3904; x_wconf 84' lang='lat' dir='ltr'><strong>controversa</strong></span> <span class='ocrx_word' id='word_1_237' title='bbox 2129 3843 2402 3903; x_wconf 71' lang='lat' dir='ltr'><strong>sciremz</strong></span> <span class='ocrx_word' id='word_1_238' title='bbox 2446 3823 2665 3918; x_wconf 77' lang='lat' dir='ltr'><strong>quando</strong></span> <span class='ocrx_word' id='word_1_239' title='bbox 2778 3875 2780 3902; x_wconf 63' lang='lat'>2</span> 
     </span>
    </p>
   </div>
   <div class='ocr_carea' id='block_1_22' title="bbox 488 3959 2780 4054">
    <p class='ocr_par' dir='ltr' id='par_1_22' title="bbox 488 3959 2780 4054">
     <span class='ocr_line' id='line_1_28' title="bbox 488 3959 2780 4054; baseline -0.001 -20"><span class='ocrx_word' id='word_1_240' title='bbox 488 3973 610 4035; x_wconf 87' lang='lat' dir='ltr'><strong>illis</strong></span> <span class='ocrx_word' id='word_1_241' title='bbox 673 3971 832 4053; x_wconf 87' lang='lat' dir='ltr'><strong>ipsis</strong></span> <span class='ocrx_word' id='word_1_242' title='bbox 901 3969 1150 4033; x_wconf 87' lang='lat' dir='ltr'><strong>duobus</strong></span> <span class='ocrx_word' id='word_1_243' title='bbox 1218 3971 1564 4052; x_wconf 83' lang='lat' dir='ltr'><strong>generibus</strong></span> <span class='ocrx_word' id='word_1_244' title='bbox 1635 3980 1971 4035; x_wconf 87' lang='lat' dir='ltr'><strong>metrorum</strong></span> <span class='ocrx_word' id='word_1_245' title='bbox 2035 3980 2107 4033; x_wconf 92' lang='lat' dir='ltr'><strong>ut</strong></span> <span class='ocrx_word' id='word_1_246' title='bbox 2167 3968 2534 4054; x_wconf 85' lang='lat' dir='ltr'><strong>depravatio</strong></span> <span class='ocrx_word' id='word_1_247' title='bbox 2591 3959 2664 4021; x_wconf 70' lang='lat'><strong>51⁸</strong></span> <span class='ocrx_word' id='word_1_248' title='bbox 2778 4005 2780 4032; x_wconf 70' lang='lat' dir='ltr'><strong>l</strong></span> 
     </span>
    </p>
   </div>
   <div class='ocr_carea' id='block_1_23' title="bbox 487 4093 2781 4184">
    <p class='ocr_par' dir='ltr' id='par_1_23' title="bbox 487 4093 2781 4184">
     <span class='ocr_line' id='line_1_29' title="bbox 487 4093 2781 4184; baseline -0 -17"><span class='ocrx_word' id='word_1_249' title='bbox 487 4103 848 4167; x_wconf 87' lang='lat' dir='ltr'><strong>emendatio</strong></span> <span class='ocrx_word' id='word_1_250' title='bbox 870 4105 1210 4167; x_wconf 84' lang='lat' dir='ltr'><strong>maximam</strong></span> <span class='ocrx_word' id='word_1_251' title='bbox 1248 4113 1492 4184; x_wconf 84' lang='lat' dir='ltr'><strong>partem</strong></span> <span class='ocrx_word' id='word_1_252' title='bbox 1537 4105 1910 4168; x_wconf 87' lang='lat' dir='ltr'><strong>continetur.</strong></span> <span class='ocrx_word' id='word_1_253' title='bbox 2000 4106 2081 4168; x_wconf 70' lang='lat' dir='ltr'><strong>Et</strong></span> <span class='ocrx_word' id='word_1_254' title='bbox 2124 4105 2398 4169; x_wconf 89' lang='lat' dir='ltr'><strong>omnium</strong></span> <span class='ocrx_word' id='word_1_255' title='bbox 2438 4093 2662 4183; x_wconf 65' lang='lat' dir='ltr'><strong>quiden</strong></span> <span class='ocrx_word' id='word_1_256' title='bbox 2778 4135 2781 4166; x_wconf 52' lang='grc' dir='ltr'><strong>τ</strong></span> 
     </span>
    </p>
   </div>
   <div class='ocr_carea' id='block_1_24' title="bbox 483 4231 2780 4335">
    <p class='ocr_par' dir='ltr' id='par_1_24' title="bbox 483 4231 2780 4335">
     <span class='ocr_line' id='line_1_30' title="bbox 483 4231 2780 4335; baseline -0.002 -32"><span class='ocrx_word' id='word_1_257' title='bbox 483 4239 863 4303; x_wconf 86' lang='lat' dir='ltr'><strong>uberrimum</strong></span> <span class='ocrx_word' id='word_1_258' title='bbox 923 4241 981 4302; x_wconf 89' lang='lat' dir='ltr'><strong>in</strong></span> <span class='ocrx_word' id='word_1_259' title='bbox 1038 4240 1352 4303; x_wconf 83' lang='lat' dir='ltr'><strong>Plautinis</strong></span> <span class='ocrx_word' id='word_1_260' title='bbox 1416 4239 1650 4304; x_wconf 80' lang='lat' dir='ltr'><strong>sabulis</strong></span> <span class='ocrx_word' id='word_1_261' title='bbox 1710 4243 2206 4335; x_wconf 76' lang='lat' dir='ltr'><strong>corruptelarum</strong></span> <span class='ocrx_word' id='word_1_262' title='bbox 2264 4240 2504 4303; x_wconf 84' lang='lat' dir='ltr'><strong>fontem</strong></span> <span class='ocrx_word' id='word_1_263' title='bbox 2558 4231 2662 4291; x_wconf 74' lang='lat' dir='ltr'><strong>iam</strong></span> <span class='ocrx_word' id='word_1_264' title='bbox 2779 4291 2780 4298; x_wconf 74' lang='grc'>,</span> 
     </span>
    </p>
   </div>
   <div class='ocr_carea' id='block_1_25' title="bbox 2745 113 2785 4675">
    <p class='ocr_par' dir='ltr' id='par_1_25' title="bbox 2745 113 2785 4675">
     <span class='ocr_line' id='line_1_31' title="bbox 2745 113 2785 4675; baseline 0 0"><span class='ocrx_word' id='word_1_265' title='bbox 2745 113 2785 4675; x_wconf 95' lang='lat' dir='ltr'><strong> </strong></span> 
     </span>
    </p>
   </div>
  </div>
 </body>
</html>
