2824 4890
1854 348 2363 424 cchxxxvu

133 539 293 603 <lum
363 542 427 603 in
493 550 722 623 quarto
778 529 1062 609 similiter
1106 558 1298 630 atque
1341 553 1405 615 in
1454 553 1653 636 primo
1698 561 2010 643 tertioque
2053 581 2361 648 compen-

134 682 361 736 satum
409 682 546 735 ests
594 674 909 755 singulari
933 679 1300 758 asperitate
1330 682 1608 764 reliquos
1637 688 1959 752 secundus
1986 698 2357 779 praevertit,

134 815 208 868 ut
252 811 326 868 in
370 824 500 887 quo
548 805 847 888 dactylus
894 809 1214 892 dactylico
1255 814 1570 876 vocabulo
1595 821 1939 882 conclusus
1966 823 2068 888 sit.
2113 823 2360 891 Contra

129 937 485 1020 plurimum
543 940 1015 1019 excusationis,
1084 950 1157 1003 ut
1198 950 1347 1006 ante
1409 944 1578 1027 dixi,
1648 948 1974 1032 dactylum
2019 954 2357 1021 dissecans

131 1087 424 1133 caesura
470 1070 704 1153 attulit,
749 1082 823 1134 ut
863 1073 1034 1136 Trin.
1077 1073 1181 1140 86.
1230 1074 1367 1142 131.
1409 1077 1554 1142 759.
1584 1081 1823 1146 Bacch.
1867 1084 2007 1149 135.
2042 1089 2180 1155 182.
2209 1091 2354 1156 236.

125 1192 277 1256 m.
323 1192 483 1255 8213:

310 1321 528 1400 Atque
570 1313 633 1379 id
667 1325 892 1381 'tamen
929 1319 943 1401 Ι
977 1324 1145 1384 milei
1187 1321 1402 1388 lubeat
1443 1328 1848 1409 suspicarier.

312 1441 585 1526 Argenti
632 1444 865 1507 amanti
902 1443 915 1522 Ι
951 1447 1193 1510 leontini
1231 1447 1657 1531 adulescenti,
1701 1457 1890 1518 animi
1930 1457 2166 1543 impoti.

302 1566 509 1630 Potin’
551 1567 655 1630 e'st
695 1570 774 1632 ab
817 1572 1023 1634 amico
1060 1574 1073 1651 Ι
1112 1572 1412 1640 alicunde
1461 1579 1739 1644 exorari.
1784 1586 2027 1650 Potest.

304 1688 672 1753 Istactenus
707 1688 720 1773 Ι
756 1696 869 1754 tibi
909 1682 1103 1776 Lyde
1147 1697 1406 1761 libertas
1453 1700 1684 1765 datast.

306 1815 522 1877 Etiam
583 1801 931 1895 'Epidicum
985 1816 996 1898 Ι
1044 1839 1233 1897 quam
1282 1842 1397 1900 eqo
1455 1822 1737 1890 fabulam
1814 1849 2021 1915 aeque
2087 1854 2166 1899 ac
2232 1858 2338 1904 me

645 1927 650 1930 V
1561 1954 1767 2039 ipsum
1811 1980 1974 2025 amo.

301 2070 689 2137 Adulteram
723 2073 736 2157 Ι
773 2080 962 2138 etiam
1005 2069 1178 2141 {ibat
1219 2047 1425 2143 robus.
1453 2081 1705 2151 ceteris·

307 2198 604 2263 versabo
649 2220 774 2284 ego
818 2202 1031 2266 hercle
1069 2202 1080 2284 Ι
1119 2207 1303 2268 hodie
1356 2205 1526 2272 illum
1573 2212 1628 2273 si
1671 2212 1816 2276 uiuo
1860 2217 2076 2297 probe.

295 2327 464 2387 Dum
509 2325 589 2387 ne
631 2305 989 2391 manufesto
1026 2329 1038 2408 Ι
1076 2333 1386 2393 hominem
1432 2332 1743 2416 opprimat
1785 2360 1947 2404 neue
1991 2341 2215 2410 enicet.

127 2457 331 2520 Medii
396 2467 605 2521 autem
665 2459 823 2523 inter
882 2462 1006 2525 hoc
1070 2472 1135 2525 et
1196 2463 1341 2525 illud
1400 2483 1608 2546 genus
1651 2468 1711 2527 hi
1760 2487 1987 2530 versus
2031 2480 2209 2549 sunt,
2274 2475 2338 2533 in

135 2583 373 2665 quibus
415 2584 739 2665 aliquanto
778 2585 1022 2667 minus,
1086 2585 1200 2647 sed
1245 2597 1457 2648 tamen
1501 2590 1707 2670 aliqua
1755 2610 1837 2652 ex
1880 2603 2075 2672 parte*
2102 2594 2339 2677 dactyli

124 2709 534 2770 insolentiam
579 2710 660 2772 ad
716 2713 1304 2793 semiseptenariam
1367 2736 1715 2798 properans
1762 2722 2181 2799 pronuntiatio
2222 2739 2339 2784 oc-

122 2838 356 2920 cultat,
402 2846 472 2899 nt
514 2839 750 2901 Bacch.
793 2838 936 2902 243.
985 2841 1192 2904 1035:

137 2962 148 2967 ’
297 2964 630 3046 Deceptus
672 2985 844 3032 sumt
890 2970 1203 3047 Autolyco
1250 2968 1484 3053 hospiti
1523 2972 1535 3055 Ι
1572 2993 1794 3038 aurum
1841 2956 2095 3039 credidi.

291 3080 756 3159 Verumtamen
803 3099 1196 3177 accipientur
1230 3105 1241 3181 Ι
1280 3104 1485 3165 mulso
1531 3101 1780 3167 milites·

300 3220 557 3281 Dictum
606 3230 705 3282 est
750 3220 829 3282 de
872 3221 1129 3304 dactylo
1161 3223 1365 3304 deque
1387 3237 1737 3306 anapaesto
1771 3246 1915 3290 cum
1940 3232 2333 3291 senariorum

125 3360 260 3413 tum
307 3353 850 3430 septenariorumt
895 3354 1178 3434 sequitur
1222 3363 1292 3414 ut
1336 3354 1418 3416 de
1462 3356 1874 3418 tribrachi
1932 3377 2050 3419 usu
2107 3367 2337 3440 agatur

117 3480 459 3561 utriusque
502 3499 805 3544 versuum
848 3483 1110 3563 generis
1155 3482 1485 3544 communi.
1573 3483 1672 3543 De
1729 3501 1855 3561 quo
1900 3504 2023 3545 non
2070 3485 2331 3548 multum

120 3620 232 3676 est
276 3612 445 3694 quod
491 3612 748 3693 dignum
793 3616 1112 3676 mentione
1143 3614 1457 3699 videatur,
1506 3625 1809 3697 spectans
1853 3618 1917 3679 id
1944 3618 2023 3681 ad
2059 3621 2335 3701 paenul-

114 3749 319 3809 timae
363 3748 528 3809 arsis
574 3749 975 3825 solutionem,
1018 3766 1144 3828 qua
1192 3750 1740 3830 proceleusmatici
1791 3752 1896 3813 vel
1928 3753 2130 3834 quarti
2169 3771 2333 3832 pae-

116 3879 262 3943 onis
305 3879 590 3959 speciem
634 3879 847 3941 exitus
895 3897 1203 3941 versuum
1259 3879 1493 3961 induit,
1552 3883 1696 3943 sivo
1740 3903 1884 3944 eum
1926 3884 2144 3945 brevis
2187 3884 2330 3944 sive
2434 3879 2439 3884 ’

114 4011 315 4093 longa
348 4012 600 4094 syllaba
627 4014 974 4093 praecedit.
1022 4014 1244 4076 Talem
1273 4028 1483 4078 autem
1509 4018 1745 4079 exitum
1784 4035 1926 4079 cum
1970 4019 2329 4100 elegantis-

117 4144 287 4206 sime
325 4147 420 4207 ita
462 4144 602 4207 fleri
651 4155 904 4209 constet
942 4156 1013 4210 ut
1051 4148 1530 4230 quadrisyllabo
1567 4151 1882 4213 vo‘cabulo
1907 4151 2327 4231 comprehen-

118 4271 331 4357 daturj
375 4292 433 4337 e.
477 4290 536 4338 c.
