2824 4890
454 353 843 422 CCCXXX

461 551 875 602 enumerasse
913 550 955 594 a
995 551 1055 613 p·
1102 500 1311 594 xxvn.
1357 526 1442 590 ad
1487 545 1551 607 p.
1591 539 1832 587 xxxvi:
1910 529 2237 604 quarto
2301 517 2383 580 dc
2430 518 2674 580 horum

462 670 797 755 dignitate,
820 666 1205 749 cognatione
1229 673 1294 726 et
1316 660 1840 735 successionibus
1861 658 2080 740 egisse
2121 675 2162 719 a
2202 674 2262 736 p.
2303 672 2542 719 xxxvi.
2590 653 2680 716 ad

460 822 563 866 m:
631 803 915 883 quinto
962 798 1044 862 de
1085 797 1396 861 editorum
1459 795 1951 873 criticorumque
1994 808 2191 870 opera
2257 807 2297 850 a
2340 808 2401 868 p.
2444 807 2533 850 m.
2582 784 2672 849 ad

464 952 677 999 svm:
722 941 959 996 sexto
1004 930 1086 994 de
1132 931 1259 994 lide
1302 927 1708 992 Ambrosiani
1745 925 1990 989 codicis
2030 942 2175 986 cum
2220 923 2668 985 Palatinarum

465 1059 841 1122 recensione
881 1056 1226 1137 comparati
1274 1075 1314 1118 a
1357 1074 1415 1135 p.
1461 1071 1643 1117 tvm.
1684 1051 1766 1114 ad
1814 1068 2064 1116 vam:
2131 1068 2167 1110 s
2192 1068 2290 1129 ep
2319 1050 2383 1109 ti
2416 1068 2478 1110 m
2503 1067 2548 1109 ο
2597 1046 2680 1109 de

469 1188 845 1253 emendandi
880 1187 1228 1250 rationibus
1262 1185 1408 1247 hinc
1440 1183 1607 1265 aptis
1628 1201 1666 1244 a
1691 1202 1751 1264 p.
1779 1199 2014 1244 varu.
2054 1178 2134 1244 ad
2163 1198 2400 1242 mxxiv:
2445 1188 2681 1241 octa·

469 1345 567 1388 vo
625 1324 707 1388 dc
768 1324 961 1385 rebus
1018 1318 1458 1403 grammaticis
1508 1336 1548 1380 a
1605 1336 1665 1398 p.
1707 1333 1936 1378 mxxiv.
1978 1314 2060 1376 ad
2107 1332 2247 1379 xci:
2309 1333 2543 1377 nono
2593 1314 2672 1376 dc

377 1459 384 1462 ’
466 1475 710 1542 genere
767 1455 1257 1538 orthographico
1309 1472 1349 1515 a
1405 1471 1464 1533 p.
1524 1469 1654 1516 xci.
1713 1450 1794 1512 ad
1865 1467 2047 1514 cxv:
2113 1448 2426 1511 decimo
2482 1449 2571 1511 de
2616 1449 2678 1510 vi

471 1589 804 1670 positionis
847 1605 886 1649 a
933 1606 989 1667 p.
1037 1602 1191 1650 cxv,
1216 1584 1297 1647 ad
1328 1602 1610 1648 cxxxrx:
1653 1584 2063 1649 undecimo
2106 1580 2185 1645 dc
2213 1582 2677 1663 ecthlipsisivc

474 1738 765 1803 syncopa
809 1738 850 1782 a
893 1738 953 1799 p.
999 1737 1147 1784 cxt..
1190 1719 1271 1781 ad
1317 1736 1504 1783 c1.1x:
1550 1717 2024 1782 duodecimo
2067 1717 2149 1780 dc
2193 1717 2482 1799 synizesi
2528 1735 2570 1778 a
2615 1736 2674 1797 p.

476 1869 650 1916 cmx.
694 1849 775 1914 ad
821 1868 1039 1915 ccxv:
1105 1853 1358 1914 tertio
1401 1851 1723 1915 docimo
1771 1850 1853 1913 de
1895 1851 2298 1932 correptione
2340 1850 2670 1933 longarum

479 1981 793 2045 vocalium
832 2000 874 2044 a
923 2000 983 2062 p.
1038 1997 1238 2064 cmxv.
1301 1981 1381 2043 ad
1430 1997 1793 2046 ccxxxvii:
1864 1988 2160 2061 quarto
2207 1980 2531 2045 decimo
2587 1979 2669 2041 de

477 2110 649 2174 hiatu
694 2129 733 2174 a
774 2130 833 2192 p.
879 2128 1175 2174 cxxxvu.
1216 2110 1298 2174 ad
1343 2128 1534 2176 ccv1:
1576 2114 1854 2191 quinto
1897 2108 2215 2173 decimo
2266 2109 2350 2172 ‹ie
2397 2119 2670 2173 accentu

475 2241 890 2322 grammatico
935 2207 1081 2303 cum
1146 2259 1545 2302 numerorum
1606 2247 1879 2301 accentu
1937 2238 2270 2301 conciliato
2313 2257 2354 2301 a
2393 2258 2452 2319 p.
2498 2256 2674 2304 ccvi.
2756 2239 2761 2244 ’

476 2372 561 2436 ad
625 2390 791 2437 σοις
868 2381 1112 2435 sexto
1176 2370 1490 2433 decimo
1543 2370 1624 2433 de
1680 2379 1990 2432 accentus
2032 2369 2227 2454 logici
2274 2371 2337 2432 in
2408 2388 2672 2454 compo-

482 2507 707 2572 nendis
749 2508 1042 2570 versibus
1086 2506 1151 2568 vi
1196 2523 1238 2567 a
1280 2524 1340 2586 p.
1384 2466 1529 2569 cca.
1574 2503 1658 2567 ad
1712 2521 1965 2568 cem:
2036 2506 2382 2585 septimo
2427 2504 2464 2567 d
2494 2509 2671 2568 eci-

479 2659 596 2703 mo
638 2639 721 2701 de
762 2639 1033 2721 pedibus
1077 2637 1358 2700 metricis
1399 2646 1467 2699 ct
1505 2639 1792 2701 caesuris
1833 2656 1874 2700 a
1917 2658 1977 2719 p.
2010 2656 2244 2703 cccxx.
2280 2638 2363 2702 ad
2393 2657 2673 2704 ccxciv:

486 2771 1162 2834 duodevicesimo
1233 2768 1314 2832 dc
1376 2771 1625 2834 cantico
1686 2772 2028 2834 Trinummi
2083 2789 2119 2835 a
2162 2792 2222 2854 p.
2268 2789 2538 2837 ccxciv.
2599 2773 2674 2838 ad

490 2921 749 2969 cccxv:
848 2904 1483 2970 undevicesimo
1531 2907 1638 2970 ‘dc
1701 2907 2007 2971 miscellis
2087 2908 2457 2990 quibusdam
2521 2929 2568 2972 a
2619 2930 2673 2991 p.

484 3056 729 3105 cccxv.
785 3037 866 3101 ad
923 3056 1285 3105 cccxxvm.
1376 3039 1623 3117 Quibus
1663 3041 1787 3102 iam
1828 3040 2073 3104 indicos
2123 3043 2475 3106 succedant
2519 3044 2672 3125 pri-

482 3190 651 3234 mus
699 3190 913 3235 eorum
957 3171 1303 3233 Trinummi
1338 3189 1666 3253 versuum,
1712 3176 1818 3254 qni
1859 3191 1973 3253 pcr
2003 3174 2219 3235 varias
2260 3173 2478 3237 horum
2526 3165 2677 3255 pro-

479 3307 859 3389 legomenon
925 3306 1305 3370 occasiones
1369 3307 1433 3368 in
1489 3306 2011 3387 disceptationem
2078 3316 2427 3389 venerunt,
2488 3314 2667 3371 cuim

482 3438 737 3519 quidem
781 3439 1003 3501 indicis
1056 3459 1179 3522 ope
1219 3452 1521 3522 tanquam
1573 3440 1865 3504 criticum
1899 3442 1959 3503 iu
1984 3439 2148 3503 banc
2170 3441 2450 3505 fabulam
2488 3458 2671 3503 com·

482 3576 853 3637 mcntarium
898 3587 1280 3657 perpetuare
1301 3579 1585 3659 poteris:
1628 3576 1840 3638 alter
1882 3584 2296 3638 tractatorum
2338 3594 2378 3635 c
2419 3571 2673 3656 reliquis

485 3704 719 3768 fabulis
762 3705 1069 3769 Plautinis
1109 3710 1338 3772 aliisve
1376 3709 1792 3790 scriptoribus
1835 3708 2165 3772 locorum:
2210 3707 2530 3771 tertius
2572 3724 2675 3766 re-

483 3861 620 3908 rum
663 3841 1121 3907 notabiliornm.
