2824 4890
2064 353 2287 420 CXIX

169 531 262 593 Vel
292 531 346 594 iu
386 533 570 614 prima
608 551 802 598 scena
829 533 1161 616 Adelpbon
1205 538 1571 621 graviorem
1614 538 1805 602 etium
1831 539 2048 602 horum
2076 537 2292 602 offon-

161 668 388 732 sionemz
432 666 600 729 ama?
646 670 898 731 dabitur
941 690 981 729 α
1024 690 1123 731 me
1178 679 1546 749 argentum,
1608 665 1822 733 studet
1856 691 1979 748 par
2020 674 2283 751 referre,

160 803 270 875 quis
308 798 590 865 dubitabit
629 800 754 862 hac
797 799 1238 864 emendatione
1279 802 1533 866 tollere:

282 937 489 1002 Amat:
535 935 576 1000 ά
616 956 719 1000 me
761 946 1098 1019 argentum
1144 935 1419 1015 dabitur,
1464 936 1608 999 (lum
1652 937 1773 1000 erit
1813 933 2238 999 commodum.

279 1073 493 1137 Stude't
531 1074 797 1138 referre:
839 1073 1150 1156 praesens
1196 1075 1559 1154 absensque
1602 1069 1768 1135 idem
1816 1074 1966 1136 erit:

149 1206 461 1284 praesertim
506 1223 652 1268 cum
697 1207 1073 1288 compererit
1128 1207 1186 1267 iu
1234 1206 1372 1267 aliis
1418 1205 1591 1267 libris
1633 1222 1787 1266 esse
1823 1225 1949 1284 par
1985 1208 2137 1283 pari
2175 1225 2289 1266 re-

142 1340 295 1416 ferre,
333 1338 389 1400 in
431 1339 571 1402 aliis
609 1359 737 1417 par
777 1342 1039 1419 referre,
1086 1337 1274 1417 unde,
1323 1335 1635 1419 quomodo
1682 1336 1959 1399 creverit
2000 1340 2289 1417 interpo-

146 1466 294 1546 latio,
350 1481 648 1552 tanquam
706 1471 770 1532 in
824 1470 1044 1533 oculos
1100 1469 1375 1531 incurrit.
1466 1470 1564 1530 Do
1622 1468 1914 1548 qualibus
1971 1469 2094 1530 iam
2143 1469 2287 1531 olim

144 1602 328 1683 monui,
366 1622 505 1667 cum
548 1591 658 1665 ‘dc
696 1599 1133 1664 emendatione
1165 1601 1513 1663 fabularum
1543 1590 2289 1665 Terentianarum'Vra-

143 1736 379 1802 tisiaviae
419 1760 476 1803 a.
510 1752 1105 1802 mmccccxxxvm.
1149 1744 1614 1800 commentatus
1654 1755 1796 1799 sum
1820 1735 1915 1808 ff).
2002 1739 2124 1801 His
2165 1758 2289 1802 au-

162 1936 332 2004 *Xss’ff’
364 1945 420 1990 ut
453 1942 555 1991 hoc
593 1939 808 2001 addam,
843 1949 913 1986 ne
948 1948 982 1985 a
1015 1934 1258 1984 codicum
1295 1932 1502 1997 quidem
1541 1932 1868 1983 auctoritate
1904 1932 2052 1982 fldem
2088 1933 2284 1984 habere

239 2042 376 2093 velut
409 2045 503 2094 hos
540 2041 861 2091 horridulus
897 2038 1198 2087 versiculos
1233 2036 1393 2087 docui
1432 2035 1654 2098 Adelph.
1690 2036 1829 2098 prol.
1867 2036 1901 2084 4
1938 2041 1991 2086 ot
2023 2038 2067 2099 l,
2107 2035 2156 2101 1,
2188 2036 2286 2092 1³:

473 2143 687 2198 indicio
723 2143 786 2195 de
821 2156 883 2194 sc
919 2143 1031 2205 ipse
1067 2139 1205 2206 e'rit,
1241 2153 1344 2190 uos
1380 2138 1531 2189 eritis
1567 2134 1782 2188 iudices.

472 2255 664 2313 Atque
696 2243 765 2297 ex
800 2259 884 2295 me
919 2244 1005 2295 hic
1041 2251 1199 2293 natus
1236 2240 1342 2293 non
1381 2249 1486 2304 cst,
1520 2246 1607 2290 set
1643 2253 1716 2290 ex
1747 2241 1963 2305 fratre.
1999 2236 2048 2290 is
2083 2242 2251 2291 adeo:

234 2363 435 2412 quorum
503 2345 819 2414 posteriore
869 2346 936 2394 ad
990 2342 1392 2392 intolerabilem
1447 2345 1821 2403 quattuor
1871 2340 2286 2392 consonantium

232 2452 622 2513 correptionem
666 2444 876 2498 accedit
922 2443 1125 2496 vitiosa
1159 2442 1392 2492 admisso
1441 2440 1495 2491 iu
1532 2441 1770 2504 quintum
1823 2438 2004 2503 pedem
2057 2438 2285 2501 dactylo

227 2553 483 2614 diremptio
534 2552 939 2602 vocabulorum
977 2576 1008 2587 -
1042 2543 1128 2611 611
1165 2573 1197 2595 υ
1233 2572 1267 2597 υ
1302 2575 1332 2586 -
1366 2583 1386 2609 ,
1439 2548 1607 2603 multo
1661 2546 1764 2599 illa
1817 2543 1990 2605 magis
2042 2542 2286 2593 insolens

228 2669 364 2717 quam
416 2659 549 2705 haec
606 2679 636 2690 -
672 2652 706 2701 ό
743 2673 776 2700 υ
817 2669 851 2692 υ
882 2646 951 2714 1-
985 2648 1039 2697 in
1077 2647 1375 2697 Trinummi
1412 2661 1467 2700 v.
1503 2647 1604 2695 651
1635 2658 1647 2699 :
1694 2646 1758 2695 ut
1791 2644 1998 2693 solitus
2045 2656 2138 2706 es,
2192 2641 2282 2690 vel

228 2757 425 2821 Adelph.
466 2772 521 2822 1,
564 2756 637 2821 1,
672 2754 740 2804 4:
793 2766 863 2804 ea
913 2750 1101 2801 satius
1154 2752 1254 2799 est.
1324 2748 1510 2814 Quare
1547 2747 1677 2809 ipsis
1722 2747 1988 2797 librorum
2037 2740 2285 2806 vestigiis

226 2860 385 2925 eisque
428 2877 497 2911 ex
536 2864 700 2923 parte
753 2870 980 2920 prorsus
1032 2853 1372 2917 manifestiS,
1426 2858 1482 2904 et
1529 2852 2025 2916 antiquissimorum
2077 2851 2282 2914 quidem

225 2966 642 3028 optimorumque
676 2961 969 3022 librorum,
1007 2972 1139 3009 usus
1172 2973 1290 3009 sum
1325 2961 1394 3009 ad
1430 2961 1567 3010 lianc
1599 2958 1836 3022 speciem
1869 2971 2119 3009 versuum
2157 2957 2285 3008 illo-

224 3077 325 3114 rum
356 3065 876 3117 commendandam:

473 3163 682 3217 Iudicio
718 3163 784 3213 ‹le
819 3178 883 3214 se
920 3165 1050 3229 ipse,
1089 3160 1145 3214 et
1183 3176 1280 3214 uos
1317 3164 1470 3215 eritis
1506 3162 1723 3215 indices.

470 3274 661 3330 Atque
697 3264 766 3317 ex
804 3281 885 3317 me
921 3266 1005 3316 hic
1044 3270 1205 3315 natus
1244 3263 1349 3315 non
1387 3271 1489 3329 est,
1524 3270 1607 3315 set
1643 3268 1814 3317 fratre
1849 3263 1917 3318 ex
1956 3281 2102 3321 meo:

468 3368 736 3423 Dissimili
772 3370 818 3418 is
852 3366 1090 3419 studiost
1125 3368 1228 3417 iam
1266 3365 1389 3418 iude
1424 3370 1492 3419 ab
1529 3367 1923 3420 adulescentia.

222 3472 374 3523 Aliud
412 3472 721 3534 exemplum
761 3470 911 3534 idque
946 3483 1055 3520 uon
1106 3469 1393 3532 patientius
1441 3470 1664 3520 relictae
1714 3471 1894 3532 potins
1945 3485 2100 3536 quam
2152 3487 2280 3535 per-

218 3587 385 3635 peram
425 3576 619 3624 illatae
654 3572 1014 3633 correptionis
1052 3573 1102 3620 iu
1141 3576 1378 3621 extrema
1423 3584 1589 3621 scena
1624 3586 1685 3635 11,
1726 3572 1752 3621 1
1794 3578 2010 3623 exstat:

382 3672 487 3725 Set
522 3688 682 3724 nemo
716 3674 915 3724 dabit.-
944 3670 1182 3738 frastra
1217 3675 1312 3722 has
1347 3678 1563 3739 egomet
1598 3669 1799 3725 mecum
1840 3674 2077 3727 rationes
2113 3680 2279 3739 puto:

217 3778 298 3827 ubi
329 3792 439 3828 non
478 3780 641 3827 modo
678 3777 877 3838 optime
904 3776 1188 3825 Bembinus
1221 3776 1391 3827 codex
1427 3778 1664 3842 frustra
1687 3775 1905 3843 kyemel
1932 3775 2156 3843 mecum
2175 3778 2282 3828 has

214 3878 475 3931 rationes
508 3880 693 3944 puto,
742 3879 838 3927 sed
893 3878 1229 3928 Basilicanus
1278 3894 1491 3942 qnoque
1540 3884 1632 3939 (de
1679 3896 1784 3945 quo
1829 3886 1972 3932 tacet
2005 3883 2280 3940 Faernus)

216 3979 330 4030 sine
364 3983 659 4045 neglectae
708 3981 987 4045 positionis
1034 3980 1168 4030 vitio
1207 3978 1308 4044 ι”ρυ
1346 3995 1566 4032 mecum
1602 3978 1709 4032 Ιιάε
1742 3981 2004 4032 rationes
2039 3977 2281 4042 de'puto.

219 4080 445 4135 Omnino
480 4090 663 4135 autem
702 4085 798 4133 vix
834 4083 1002 4133 ullam
1048 4096 1264 4133 scenam
1314 4097 1435 4133 esse
1488 4083 1794 4132 fabularum
1832 4079 2284 4130 Terentianarum

218 4193 361 4249 puto,
397 4190 450 4239 in
488 4202 596 4253 qua
630 4202 738 4239 non
775 4188 977 4252 aliquid
1014 4188 1285 4237 turbatum
1321 4185 1394 4235 sit
1430 4185 1695 4249 gravius,
1747 4182 1964 4233 criticae
1999 4181 2133 4232 artis
2167 4193 2281 4230 me-

217 4293 439 4348 dicinam
490 4297 648 4348 etiam
700 4300 827 4360 post
869 4292 1098 4346 Bentleii
1147 4304 1309 4343 curas
1354 4294 1699 4353 exspectans.
1772 4287 1941 4339 Velut
1988 4286 2039 4338 ln
2093 4289 2278 4338 eodem

1553 4438 1584 4462 Ι
