2824 4890
2010 352 2358 419 cccxix

149 526 461 572 camenas
517 511 882 595 genitivus,
940 519 1269 598 profectus
1325 522 1431 584 ille
1488 545 1525 587 e
1567 528 1962 607 grammatici
2007 532 2354 600 eruditione

149 641 254 721 qui
318 660 454 705 eam
518 643 783 709 formam
841 647 1091 728 priscae
1138 651 1466 718 latinitatis
1510 661 1826 740 propriam
1870 665 2074 729 fuisse
2116 683 2355 742 nosset.

152 774 347 854 Quod
402 788 469 841 ut
528 782 954 846 certissimum
1016 796 1158 868 est,
1219 790 1305 852 ita
1361 811 1484 853 non
1529 795 1734 857 minus
1775 808 2018 862 eertum
2067 801 2187 866 hoc
2220 816 2355 888 est,

147 911 269 974 iam
320 913 534 977 Plauti
587 928 803 981 aetate
868 921 973 983 vel
1031 933 1206 985 certe
1250 926 1310 987 in
1365 929 1521 991 artis
1562 949 1805 1012 genere
1850 934 2145 998 Plautino
2186 938 2353 1002 illius

147 1044 460 1128 genitivi,
521 1050 576 1110 si
621 1051 701 1112 ab
746 1071 871 1114 uno
906 1058 1196 1134 familias
1238 1065 1634 1144 recesseris,
1700 1083 1882 1128 usum
1925 1086 2184 1147 prorsus
2228 1071 2351 1134 de-

148 1175 363 1260 siisse,
409 1188 480 1241 ut
521 1180 644 1244 iam
689 1204 749 1264 p.
794 1202 1019 1252 cxmn.
1063 1201 1272 1255 annot.
1318 1195 1703 1277 significavi.
1790 1201 1997 1264 Cuius
2042 1221 2184 1266 cum
2229 1224 2351 1269 nee

147 1308 210 1370 in
251 1311 432 1374 libris
464 1331 633 1378 mss.
680 1317 875 1380 ullum
908 1323 1192 1399 (praeter
1221 1343 1412 1389 unum
1448 1330 1642 1394 valde
1672 1332 2349 1419 dubiumexemplum)

150 1442 503 1523 vestigium
552 1454 790 1526 exstet,
848 1449 956 1511 vel
1002 1451 1187 1516 hane.
1218 1456 1297 1517 oh
1339 1475 1636 1522 caussam
1680 1461 2130 1534 Lachmannus
2175 1467 2351 1542 credi

148 1571 366 1654 nequit
407 1572 622 1637 Plauti
662 1595 916 1642 manum
961 1582 1192 1663 Amph.
1236 1604 1332 1666 ιιι,
1382 1586 1440 1667 1,
1490 1588 1568 1651 12
1610 1590 1736 1655 hae
1777 1597 2175 1658 correctione
2230 1615 2347 1662 as-

152 1719 416 1774 secutus
460 1731 641 1778 esse:
1567 1692 1585 1702 ν

482 1845 553 1908 Si
596 1847 659 1909 id
705 1854 1098 1950 Alcumenas
1142 1860 1545 1928 innocentiae
1588 1877 1868 1948 expetat.

151 1988 286 2053 Sed
329 2000 400 2053 ut
440 1996 569 2054 sint
610 2011 771 2057 sane
813 1997 1148 2060 acrostichi
1193 2019 1425 2064 versus
1468 2002 1555 2065 illi
1596 2004 1832 2087 aliquot
1876 2019 2019 2088 post
2053 2009 2345 2074 Plautum

156 2123 432 2184 saeculis
473 2122 659 2187 factiz
718 2124 878 2188 haee
921 2127 1060 2206 ipsa
1104 2113 1561 2196 Antoninorum
1620 2147 1806 2200 aetas
1863 2147 2103 2203 tantum
2161 2143 2346 2208 abest

156 2259 227 2314 ut
268 2254 420 2316 artis
458 2255 767 2336 imperitia
809 2256 1109 2320 laborarit
1152 2262 1252 2322 vel
1299 2261 1627 2328 indulserit
1667 2269 1784 2330 sibi
1832 2281 2176 2339 metrorum
2220 2295 2340 2338 ne-

151 2388 554 2472 gligentiam,
615 2401 686 2456 ut
745 2392 1058 2458 consolita
1116 2399 1181 2458 in
1225 2396 1646 2489 imitatoribus
1690 2400 2012 2485 diligentia
2058 2415 2343 2472 veterum

151 2521 504 2603 exemplum
555 2527 973 2604 expresserit:
1017 2526 1078 2588 id
1124 2527 1292 2607 quod
1336 2549 1537 2609 nuper
1582 2532 1835 2595 demum
1866 2535 2025 2597 satis
2064 2538 2344 2617 eleganti

147 2652 234 2713 M.
293 2652 630 2732 Pomponii
694 2655 947 2716 Bassuli
1007 2656 1187 2719 titulo
1244 2656 1454 2720 denuo
1510 2660 1895 2726 intellectum
1957 2675 2091 2746 est,
2156 2684 2341 2747 quem

144 2788 468 2867 prooemio
504 2787 702 2850 schol.
741 2762 867 2850 hib.
903 2790 1102 2852 Bonn.
1141 2809 1198 2854 a.
1232 2766 1846 2865 Μ
1886 2802 2338 2866 enarravimus.

145 2920 379 3000 Apage
417 2918 614 3002 igitur
656 2920 901 2983 illorum
946 2923 1270 3006 inertiam,
1314 2929 1421 3006 qui
1464 2927 1634 3007 quod
1681 2928 1741 2989 in
1787 2929 2013 2993 Plauto
2057 2933 2169 2996 vix
2210 2935 2342 2999 sint

146 3052 504 3135 toleraturi,
563 3058 875 3137 imputare
934 3064 1142 3120 tamen
1186 3033 1581 3140 argumentis
1623 3063 1931 3128 Plautinis
1974 3087 2098 3131 non
2142 3089 2345 3169 vere-g

142 3201 334 3255 antur.
428 3193 626 3256 Velut
669 3213 810 3258 cum
852 3195 1070 3258 horum
1110 3198 1488 3279 scriptorem
1526 3200 1644 3263 sibi
1674 3204 2060 3282 persuadent
2100 3205 2338 3270 hiatum

142 3324 201 3387 in
247 3343 526 3390 caesura
568 3326 912 3408 legitimum
955 3329 1297 3393 habuisse:
1358 3333 1607 3412 qualem
1665 3331 1900 3393 hiatum
1960 3335 2168 3396 nullus
2214 3355 2336 3397 un-

139 3476 320 3540 quam
374 3471 565 3543 poeta
608 3463 726 3526 fuit
767 3465 925 3539 (nisi
972 3464 1138 3527 forte
1183 3464 1455 3526 labantis
1496 3464 1853 3539 latinitatis)
1894 3468 2015 3547 qui,
2041 3469 2337 3533 consulto

138 3599 200 3652 et
249 3602 558 3674 tanquam
619 3592 699 3657 de
761 3595 908 3678 lege
970 3595 1350 3659 admitteret.
1456 3596 1662 3677 Quem
1727 3598 1781 3660 si
1823 3619 1966 3674 ‚non
2012 3619 2152 3664 raro
2193 3601 2336 3666 libri

138 3739 284 3786 mss.
330 3721 677 3800 exhibent,
745 3745 870 3788 non
924 3726 1170 3789 faciunt
1218 3727 1386 3791 aliud
1446 3728 1563 3791 nisi
1608 3728 1775 3812 quod
1818 3733 2050 3813 quovis
2091 3752 2336 3815 genere

139 3857 537 3938 corruptelae
580 3874 723 3919 cum
766 3861 831 3920 in
875 3858 974 3919 his
1018 3861 1403 3941 argumentis
1449 3870 1579 3924 tum
1623 3862 1684 3924 in
1732 3863 1891 3944 ipsis
1934 3863 2165 3925 fabulis
2208 3863 2335 3924 ad-

140 3993 362 4059 missoz
408 3989 475 4054 id
519 3991 687 4073 quod
732 4013 836 4077 ea,
882 4012 1067 4075 quam
1109 3995 1191 4057 ab
1230 3996 1405 4059 initio
1437 3996 1956 4075 commemoravi,
2002 4012 2333 4056 commen-

138 4124 372 4188 tatione
416 4126 578 4187 satis
625 4144 741 4206 per
785 4127 1036 4208 singula
1095 4127 1576 4191 demonstrasse
1637 4125 1880 4190 videor.
1982 4126 2141 4188 Cum
2189 4126 2334 4188 Pri-

140 4248 355 4323 seiano
399 4261 454 4323 si
500 4261 683 4324 nobis
729 4279 836 4325 res
884 4272 1087 4345 esset,
1135 4261 1461 4326 crederem
1492 4259 1777 4343 quidvis:
1826 4258 1950 4323 hoe
1980 4276 2171 4323 unum
2204 4280 2330 4324 non
