2824 4890
1938 386 2348 456 cccxxm

148 555 305 618 nnuc
348 575 467 616 non
495 565 681 618 teneo
706 557 958 623 diutius.
1007 559 1223 630 v.,531
1263 565 1425 626 Hem
1451 567 1752 644 particula
1773 573 2015 633 rectius
2031 581 2182 652 puto
2226 593 2348 640 ex-

148 699 235 751 tra
268 690 431 753 bunc
469 710 728 753 versum
765 693 1142 773 ponebatur:
1189 697 1351 759 Istic
1395 706 1644 777 opor-let
1683 709 1897 780 opseri
1945 722 2152 768 morea
2194 728 2337 770 ma-

145 824 249 884 los.
304 858 372 869 -
421 826 500 888 V.
536 827 665 888 659
691 847 922 890 vereor
942 850 1024 892 ne
1066 832 1255 895 nimia
1289 836 1600 899 modestia
1632 840 1922 904 librorum
1969 845 2342 925 scripturam

141 957 430 1036 omnium,
474 961 668 1021 etiam
715 960 1146 1045 Ambrosiani,
1189 970 1535 1033 servarim:
1580 974 1678 1034 Et
1717 976 1828 1034 tibi
1846 993 2039 1051 nuno,
2072 980 2343 1055 proinde

139 1115 211 1155 oc
249 1115 510 1171 merere,
556 1116 842 1157 summac
885 1099 1081 1191 habeo
1123 1108 1417 1179 qratia-⁹:
1466 1121 1651 1184 quam
1698 1106 1756 1168 in
1785 1109 1983 1170 habeo
2025 1131 2336 1173 summam

133 1229 399 1301 qratiam
442 1225 935 1290 convertendam
982 1246 1134 1292 esse
1177 1232 1412 1312 primus
1458 1235 1603 1300 Ant.
1649 1235 1916 1301 Reinius
1951 1259 2134 1303 meus
2177 1241 2336 1306 dixit

137 1374 211 1418 ea
267 1360 807 1422 commentatione
866 1379 1053 1442 quam
1123 1380 1266 1426 ann.
1325 1366 1407 1428 ad
1467 1386 1529 1428 v.
1598 1368 1728 1432 820
1811 1375 2331 1437 commemoravi.

142 1491 452 1555 Cauesam
499 1501 709 1556 tamen
750 1495 1108 1561 modestiae
1173 1498 1335 1564 banc
1376 1500 1681 1566 habebam
1729 1507 1937 1591 quod,
1982 1529 2126 1573 cum
2177 1512 2335 1576 reli-

137 1642 389 1706 quorum
450 1629 882 1707 exemplorum
927 1628 1010 1692 ad
1067 1629 1532 1697 defendendum
1576 1636 1875 1717 pluralem
1943 1644 2329 1723 prolatorum

137 1758 357 1821 nullum
405 1759 512 1823 vel
554 1769 769 1842 aptum
803 1766 905 1826 vel
953 1775 1192 1829 certum
1227 1787 1374 1830 esse
1418 1783 1723 1834 accurata
1765 1774 1872 1835 ilie
1903 1772 2331 1856 disputatione

137 1890 470 1971 effecisset,
519 1904 728 1956 tamen
776 1915 966 1958 unum
1013 1908 1264 1978 praeter
1309 1903 1649 1966 'l'rinummi
1714 1881 1975 1969 versum
2033 1886 2324 1974 videbam

135 2025 410 2088 relictum
457 2045 607 2089 esse
652 2030 920 2092 Poenuli
962 2050 1050 2122 V2,
1075 2033 1140 2112 4,
1191 2033 1350 2096 104:
1396 2033 1495 2096 Dt'
1531 2038 1810 2115 deaeque
1850 2057 2088 2111 omnes,
2139 2039 2323 2102 uo'bia

134 2155 326 2217 habeo
352 2157 569 2220 me'rito
598 2178 868 2238 mayaco
883 2162 1154 2237 yra'lias,
1203 2182 1389 2245 quam
1414 2165 1789 2244 scripturam
1825 2172 1979 2231 item
2009 2170 2147 2234 iibri
2174 2192 2321 2236 om-

134 2304 245 2347 nes
287 2298 624 2357 testantur:
678 2311 819 2355 nam
866 2298 930 2355 in
974 2295 1096 2358 hoc
1140 2294 1391 2377 quidem
1440 2297 1769 2361 tractando
1811 2299 2038 2363 Reinio
2082 2303 2321 2385 aliquid

135 2421 369 2489 humani
415 2426 661 2492 accidit.
705 2459 786 2472 —-
847 2428 929 2492 V.
988 2431 1146 2494 1071
1195 2441 1498 2497 constans
1556 2434 1849 2518 loquendi
1914 2457 2076 2502 usus
2123 2440 2323 2504 Plau-

131 2556 284 2619 tinus
329 2559 662 2639 flagitabat
707 2569 770 2622 ut
814 2569 991 2623 estne
1033 2566 1107 2622 is
1148 2582 1234 2623 an
1275 2582 1403 2623 non
1450 2573 1549 2625 est
1588 2572 2001 2646 reponeretur
2045 2587 2155 2648 pro
2186 2576 2322 2631 est-

131 2704 206 2746 ne
244 2688 391 2749 hio
438 2708 524 2749 an
565 2709 695 2751 non
741 2697 873 2752 eat:
913 2690 990 2752 ·id
1055 2691 1221 2773 quod
1266 2692 1596 2755 multitudo
1642 2697 2074 2776 exemplorum
2135 2699 2322 2762 facile

129 2819 457 2902 unicuique
500 2822 930 2901 persuadebit.
975 2855 1056 2868 —-
1095 2825 1441 2889 Praeterea
1481 2827 1561 2888 ab
1587 2828 1796 2908 operis
1835 2839 2172 2909 peccatum
2219 2812 2322 2894 est

128 2968 191 3013 v.
226 2954 349 3016 627
388 2957 553 3016 iloco
595 2976 708 3038 pro
752 2957 917 3028 ilico,
977 2975 1041 3017 v.
1084 2956 1212 3020 679
1251 2962 1506 3019 inimice
1545 2978 1658 3041 pro
1703 2965 1979 3042 inimico,
2024 2964 2172 3026 item
2216 2964 2319 3027 in·

131 3085 559 3163 terpunctione
597 3096 748 3167 post
791 3090 973 3149 illum
1015 3088 1230 3152 addita
1274 3109 1336 3155 v,
1379 3088 1523 3154 985.
1579 3088 1844 3155 Eisdem
1891 3094 2318 3188 imputandum

126 3215 276 3294 quod
315 3227 532 3283 annot.
577 3220 656 3281 ad
720 3241 783 3282 v.
840 3221 967 3284 814
1012 3221 1077 3283 F·
1117 3222 1344 3285 dicitur
1388 3226 1563 3301 bisce
1605 3226 1843 3288 habere
1888 3244 2000 3307 pro
2040 3232 2188 3310 isne,
2231 3228 2314 3291 ad

125 3357 182 3409 ν’.
218 3353 260 3414 9
299 3363 518 3416 autem
571 3357 730 3415 milei
774 3356 945 3416 Imm:
986 3363 1249 3434 quotam
1293 3356 1354 3417 in
1397 3328 1567 3419 solis
1617 3359 1843 3419 EbF'Z
1895 3377 2078 3437 esse,
2140 3359 2309 3440 quod

121 3490 214 3543 est
255 3489 448 3548 etiam
489 3489 553 3549 in
585 3488 681 3549 H.
769 3489 917 3549 Alia
964 3497 1257 3570 peccata,
1302 3488 1423 3550 nisi
1464 3506 1729 3570 prorsus
1767 3488 2145 3574 levidensia,
2192 3491 2316 3555 ad-

117 3610 238 3677 buc
277 3637 398 3680 non
462 3620 733 3701 repperi.
1083 3596 1086 3601 Ι

287 3748 414 3812 His
472 3758 682 3812 autom
741 3751 1222 3835 prolegomenis
1288 3772 1452 3834 quae
1500 3754 1621 3817 iam
1674 3773 1840 3818 nnnc
1897 3753 2043 3817 addi
2088 3758 2306 3837 velim,

115 3878 267 3946 baec
309 3886 712 3967 potissimum
760 3897 924 3949 sunt*
957 3856 1122 3969 quae
1168 3890 1330 3951 infra
1375 3894 1575 3972 posui.
1690 3893 1849 3973 Pag.
1910 3909 2065 3956 nxu.
2123 3909 2311 3952 com-

117 4021 517 4083 memoratam
578 4040 615 4082 e
675 4021 848 4083 Trio.
907 4023 1027 4084 841
1100 4034 1485 4086 structuram
1535 4027 1704 4084 domi
1765 4028 1948 4099 cupio
2011 4022 2303 4084 dubitare

117 4154 225 4214 noli
268 4161 464 4221 etiam
511 4158 896 4224 Bacchidum
943 4164 1161 4223 versui
1203 4161 1328 4223 246
1369 4157 1660 4236 reddere,
1707 4158 1813 4218 ubi
1852 4174 2018 4218 nunc
2057 4158 2308 4218 domum
