2824 4890
488 363 617 427 ΧΧ

491 544 804 625 emplum,
848 544 952 625 qui
994 544 1275 623 ipsorum
1316 538 1500 608 (21)
1541 540 1892 603 simillimus
1933 540 2082 603 fnit:
2126 558 2250 623 quo
2297 542 2494 605 facile
2535 561 2695 623 per-

487 678 777 759 spicitur,
823 679 1076 759 quoties
1119 696 1274 738 vere
1315 686 1651 757 correcta,
1717 677 1910 739 toties
1954 677 2092 738 fero
2131 678 2346 759 magis
2389 684 2696 757 corrupta

488 810 704 872 Plauti
744 809 943 871 verba
988 828 1161 871 ease.
1261 810 1504 871 Verum
1553 811 1610 870 in
1656 808 1782 871 boe
1824 830 1947 872 non
1987 810 2417 891 acquiescens
2461 807 2696 871 eadem

486 957 713 1003 manus
755 939 881 1001 alia
922 958 1047 1001 uon
1093 958 1324 1022 pauca,
1368 950 1438 1003 et
1478 940 1644 1001 haec
1686 957 1944 1021 quoque
1983 938 2207 1020 partim
2256 939 2502 1000 vitiosa
2543 957 2698 1020 par-

486 1076 599 1138 tim
642 1092 765 1138 non
812 1075 1136 1137 intellecta
1180 1074 1630 1155 integerrima,
1669 1074 1844 1136 nullo
1886 1073 2165 1137 adhibito
2209 1075 2367 1137 libro
2410 1077 2696 1138 mutavit

486 1206 791 1270 arbitratu
837 1222 959 1267 auo
1004 1225 1123 1268 nee
1164 1223 1308 1266 raro
1352 1204 1810 1267 infelicissime.
1896 1204 2142 1283 Quibus
2187 1206 2485 1269 omnibus
2517 1216 2697 1270 recte

488 1342 827 1421 pensitatis
883 1336 1207 1419 intelliges
1265 1357 1389 1399 non
1448 1355 1600 1399 esse
1647 1338 1904 1400 Veteris
1946 1337 2193 1403 codicia
2248 1342 2696 1402 eon-rectiones

488 1474 668 1537 unius
710 1479 931 1534 certae
970 1489 1228 1532 normae
1271 1472 1423 1553 lege
1467 1473 1821 1551 generatim
1868 1470 2250 1552 censendae,
2293 1472 2417 1535 aed
2461 1474 2694 1558 singu·

489 1610 568 1672 lia
610 1614 673 1672 in
718 1610 877 1671 locis
921 1608 1060 1670 sola
1104 1608 1347 1669 ratione
1392 1607 1555 1671 duee
1597 1609 2053 1672 aestimandas.

658 1741 928 1805 Omnino
978 1748 1190 1799 autem
1237 1757 1359 1799 non
1402 1738 1545 1800 sine
1587 1739 1920 1802 miratione
1959 1742 2348 1805 intellectum
2395 1744 2471 1805 iri
2519 1753 2693 1826 puto,

490 1894 677 1957 quam
737 1877 902 1937 male
955 1873 1175 1935 habita
1238 1874 1402 1935 haec
1461 1873 1676 1936 fabula
1738 1894 1851 1955 per
1913 1875 2241 1937 Palatinos
2299 1873 2576 1939 codices
2632 1883 2693 1938 et

492 2010 891 2072 Vaticanum*
921 2008 1000 2071 ad
1045 2011 1371 2070 saeculum
1420 2028 1528 2071 xv.
1573 2012 1659 2070 sit
1701 2016 2087 2088 propagatat
2134 2026 2289 2085 prae
2332 2007 2532 2070 cuius
2575 2006 2692 2070 dc-

488 2144 865 2225 pravatione
890 2141 1226 2205 incredibili
1253 2143 1499 2204 modica
1525 2150 1627 2203 eat
1651 2142 1994 2202 Trinummi
2016 2140 2414 2219 depravatio.
2463 2140 2692 2219 Quan-

490 2292 684 2357 quam
739 2275 845 2337 vel
890 2275 986 2337 sic
1026 2275 1338 2336 habemus
1384 2275 1552 2356 quod
1596 2274 2116 2357 depravationem
2162 2271 2347 2334 nobis
2392 2273 2686 2354 gratule-

488 2425 628 2469 mur
673 2423 798 2468 non
843 2404 1106 2468 consilio
1152 2405 1364 2486 potius
1410 2423 1597 2487 quam
1645 2406 2033 2487 negligentia
2076 2404 2406 2468 hominum
2461 2413 2533 2467 et
2573 2406 2690 2467 iui-

492 2549 740 2628 quitate
781 2556 1133 2626 temporum
1176 2545 1408 2604 natam.
1496 2543 1581 2603 Et
1622 2560 1766 2604 cum
1806 2542 1870 2601 in
1909 2538 2283 2620 quibusdam
2326 2537 2531 2600 rebus
2569 2535 2689 2598 libri

486 2679 577 2739 illi
637 2679 835 2758 ipsius
896 2671 1297 2752 antiquitatis
1359 2671 1641 2751 vestigia
1700 2670 1897 2731 multo
1956 2686 2142 2750 quam
2201 2668 2260 2728 in
2319 2667 2689 2728 Trinummo

493 2812 896 2872 constantius
939 2809 1289 2887 servarint,
1336 2824 1458 2887 quo
1503 2813 1754 2886 praeter
1796 2811 2010 2864 cetera
2056 2801 2333 2881 pertinet
2379 2807 2410 2860 t
2447 2798 2692 2862 littam

496 2964 656 3008 usus
716 2948 776 3007 in
819 2953 888 3006 at
931 2951 1086 3023 aput
1121 2949 1221 3023 fet
1257 2949 1311 3004 it
1352 2948 1489 3024 quie
1525 2947 1677 3022 quot
1732 2948 1796 2999 et
1840 2935 2168 3019 cognatis,
2225 2945 2360 2995 tum
2429 2951 2687 3012 eorrup-

493 3081 661 3141 telae
722 3095 971 3159 quoque
1026 3076 1218 3155 longe
1271 3076 1577 3154 plurimae
1633 3070 1824 3132 certis
1882 3065 2224 3150 generibus
2287 3067 2685 3127 continentur

495 3231 755 3297 quorum
808 3209 1184 3274 incredibilis
1240 3206 1614 3289 frequentia.
1722 3204 1774 3263 Ε
1818 3201 2048 3282 quibua
2091 3200 2247 3259 mira
2300 3197 2550 3258 incuria
2593 3195 2690 3256 illa

492 3345 890 3428 designanda
932 3352 1033 3406 eat
1082 3358 1240 3424 qua,
1286 3351 1359 3400 ut
1401 3336 1716 3417 exemplis
1759 3353 1888 3395 rem
1936 3331 2280 3408 declarem,
2344 3349 2469 3390 non
2510 3325 2690 3390 modo

490 3481 657 3539 hona
697 3485 759 3538 et
803 3480 1061 3551 bonam,
1115 3478 1279 3554 poffe
1321 3479 1384 3532 et
1424 3474 1673 3550 poffem,
1727 3465 1844 3527 aed
1889 3464 2082 3526 etiam
2126 3465 2292 3523 bona
2331 3471 2402 3522 et
2442 3463 2689 3532 bonnm,

487 3615 712 3691 poffem
755 3618 820 3670 et
859 3613 1078 3689 poffet,
1155 3606 1425 3667 omnium
1488 3611 1700 3663 autom
1762 3596 2144 3660 creberrime
2197 3597 2363 3674 pole
2403 3602 2469 3654 et
2509 3595 2696 3671 pald

492 3761 639 3808 cum
675 3743 971 3825 parilibus
1011 3742 1300 3805 omnibus
1338 3745 1651 3822 perpetuo
1692 3735 1850 3794 inter
1890 3748 1968 3792 ee
2004 3735 2486 3811 permutanture
2525 3719 2693 3805 qnod

490 3879 684 3942 facile
746 3876 1147 3938 existimatur
1208 3869 1419 3953 quanti
1487 3869 1577 3928 sit
1643 3864 1724 3926 ad
1805 3860 2292 3940 colloquentium
2359 3868 2698 3917 sermonen

490 4019 666 4074 recto
720 4005 1091 4071 iudicandos
1138 4000 1681 4081 definiendosque.
1771 3995 1864 4057 Vt
1908 3995 1969 4053 in
2020 3992 2284 4054 Militem
2333 3988 2698 4050 Plautinum

488 4143 638 4206 illud
702 4144 890 4206 eadat
943 4140 1249 4223 imprimis
1309 4137 1475 4220 quod
1543 4148 1815 4214 magnus
1879 4129 2172 4209 Scaliger
2229 4124 2390 4188 dixit
2444 4127 2704 4186 vetusta

494 4279 934 4353 manuscripta
986 4271 1390 4352 sterquilinia
1445 4287 1589 4329 esee
1638 4287 1675 4326 e
1732 4265 1962 4344 quibua
2012 4261 2158 4322 elion·
2203 4276 2401 4336 poue
2441 4276 2702 4319 aarum.
