2824 4890
474 335 947 403 cchxxxvl

474 529 851 607 comitatus,
909 528 998 589 ita
1056 545 1221 609 quae
1287 526 1349 588 iu
1408 525 1772 606 septenario
1812 525 2070 588 licentia
2111 526 2215 589 uni
2261 533 2482 588 certae
2524 526 2686 587 cae-

468 682 663 727 surae
703 662 1039 745 adhaesit,
1102 674 1169 725 et
1212 664 1271 725 ei
1315 660 1567 744 quidem
1616 678 1741 742 qua
1800 657 2099 741 dactylici
2167 659 2408 722 numeri
2465 659 2682 723 offen·

468 795 566 855 sio
610 792 887 854 maxime
932 791 1399 870 obscuraretur,
1445 810 1525 853 ea
1564 790 1817 851 licentia
1855 789 1916 850 in
1955 789 2206 851 senario
2236 806 2276 849 a
2313 789 2493 853 nulla
2515 807 2680 852 cae-

474 941 625 986 sura
669 939 930 1003 prorsus
973 923 1240 984 exclusa
1282 921 1415 985 fuit.
1532 921 1620 982 Et
1670 920 1950 982 maxime
2005 917 2258 1000 quidem
2301 918 2680 1000 bisyllabam

474 1052 830 1113 anacrusim
888 1053 952 1111 iu
1010 1049 1262 1111 senario
1324 1065 1580 1130 quoque
1638 1068 1717 1111 ea
1775 1066 2048 1112 caesura
2108 1049 2459 1110 occultavit
2514 1067 2681 1129 quae

466 1182 751 1265 legitima
815 1178 1295 1262 penthemimeri
1352 1196 1478 1240 una
1526 1177 1780 1258 syllaba
1849 1182 2021 1258 prior
2077 1187 2197 1240 est.
2297 1179 2472 1241 Nam
2559 1181 2686 1241 etsi

466 1309 794 1373 trochaico
856 1308 1197 1371 iambicum
1257 1316 1524 1371 metrum
1584 1309 1676 1370 ita
1731 1308 2091 1392 oppositum
2156 1315 2259 1370 est
2318 1316 2427 1389 ut,
2485 1325 2678 1390 quam

462 1440 586 1506 illic
634 1443 761 1501 vim
810 1437 1146 1518 dactylus,
1210 1438 1316 1500 hic
1375 1447 1765 1518 anapaestus
1818 1438 2078 1519 habeat,
2125 1448 2337 1501 tamen
2379 1457 2507 1500 non
2550 1448 2681 1503 tam

468 1570 827 1634 cavendum
868 1568 1018 1632 illud
1069 1570 1189 1633 fuit
1231 1577 1323 1651 ut,
1368 1588 1495 1651 quo
1550 1546 1691 1633 loco
1758 1571 2102 1650 septenarii
2158 1570 2454 1654 dactylus
2500 1574 2678 1635 vita·

464 1711 572 1763 tus
617 1685 739 1781 est,
786 1719 865 1762 eo
918 1700 1152 1762 senarii
1213 1700 1355 1761 loco
1417 1717 1498 1760 ne
1534 1700 1982 1779 ‚perciperetur
2032 1701 2490 1781 anapaesticus
2546 1721 2674 1764 nu-

462 1850 698 1905 merus,
746 1850 937 1912 quam
984 1832 1108 1894 hoc
1149 1830 1358 1910 potius
1398 1840 1472 1894 ut
1517 1850 1598 1893 ne
1653 1843 1731 1892 eo
1777 1831 2094 1907 loco‚-ubi
2137 1832 2450 1915 quaelibet
2494 1831 2674 1894 inso-

466 1965 665 2027 lentia
706 1964 920 2025 acrius
967 1962 1047 2024 ad
1089 1978 1282 2023 aures
1324 1960 1560 2024 accidit
1599 1960 1658 2022 h.
1692 1981 1749 2025 e.
1788 1971 1938 2023 ante
1982 1962 2183 2044 ipsam
2229 1980 2565 2026 caesuram
2611 1966 2673 2027 in

463 2112 589 2177 qua
633 2111 836 2176 pausa
883 2092 953 2154 fit
993 2094 1202 2171 vocis,
1250 2090 1315 2153 id
1360 2091 1764 2173 insigniretur
1823 2090 1991 2173 quod
2049 2092 2295 2174 dactyli
2354 2112 2473 2176 pro
2536 2103 2673 2156 tro-

462 2226 668 2289 chaeo
694 2226 1152 2306 anapaestique
1192 2244 1305 2306 pro
1354 2226 1562 2287 iambo
1607 2223 1796 2306 positi
1830 2240 2167 2287 commune
2210 2234 2314 2287 est
2357 2225 2422 2287 h.
2467 2245 2529 2290 e.
2568 2227 2669 2288 bi-

461 2358 714 2440 syllaba
754 2379 864 2441 pro
911 2359 1354 2441 monosyllaba
1398 2359 1622 2425 thesis.
1708 2358 1852 2436 Quo
1898 2359 1969 2421 fit
2011 2367 2081 2422 ut
2123 2361 2183 2421 iu
2213 2360 2472 2421 senario
2505 2379 2671 2442 quo·

457 2509 583 2572 que
624 2491 878 2566 rectius,
921 2508 1107 2571 quam
1157 2500 1581 2572 anapaestum
1625 2490 1687 2551 in
1734 2490 1918 2552 tertio
1963 2490 2148 2572 pede,
2195 2491 2493 2554 dicamus
2519 2511 2665 2556 eum

462 2625 786 2706 dactylum
834 2624 1102 2686 vitatum
1145 2640 1294 2721 esse
1340 2623 1448 2705 qui
1490 2622 1881 2701 compositus
1923 2624 2007 2684 sit
2059 2643 2143 2685 ex
2200 2624 2324 2685 arsi
2395 2624 2666 2689 secundi

462 2752 652 2833 pedis
702 2752 1122 2834 anacrusique
1178 2754 1379 2832 tertii,
1437 2752 1714 2813 maxime
1784 2760 1995 2813 autem
2067 2754 2335 2816 vitatum
2395 2773 2559 2818 esse
2598 2756 2659 2817 in

463 2874 913 2954 semiquinaria
958 2891 1247 2936 caesura.
1351 2876 1575 2956 ltaque
1617 2877 1857 2955 perrari
1899 2895 2018 2940 nec
2058 2877 2345 2958 profecto
2391 2880 2653 2942 venusti

459 3008 625 3068 tales
670 3024 903 3069 versus
947 3020 1095 3068 sunt
1136 3008 1358 3089 quales
1403 3010 1462 3070 in
1506 3007 1755 3070 duabus
1797 3009 2027 3072 sabulis
2071 3019 2367 3094 quattuor
2411 3021 2659 3077 tantum

370 3168 382 3181 ·
451 3140 837 3203 offendimus
879 3141 1048 3202 Trin.
1092 3139 1234 3201 421.
1276 3140 1420 3202 792.
1467 3142 1703 3205 Bacch.
1744 3143 1887 3207 564.
1929 3141 2088 3204 573:

619 3273 704 3334 Et
746 3273 847 3334 ille
885 3271 1066 3335 aedis
1108 3278 1446 3351 mancupio
1490 3273 1609 3336 abs
1655 3284 1720 3338 te
1766 3278 2036 3358 accepit.
2083 3266 2488 3349 'Admodum.

613 3404 776 3466 Eum
825 3404 933 3487 qui
973 3403 1190 3467 habuit
1225 3410 1525 3487 perdidit,
1571 3406 1758 3470 alium
1808 3419 1956 3489 post
1997 3407 2149 3472 {ecit
2190 3430 2467 3472 nouom.

613 3537 711 3598 lta
752 3536 1295 3618 denum-onycham
1338 3538 1505 3602 haec
1547 3542 1708 3603 meis
1754 3542 2041 3604 manibus
2087 3541 2396 3625 gestiunt.

609 3666 781 3729 Vale
823 3665 1379 3748 de'ntifranyibule.
1419 3655 1528 3733 'Et
1568 3681 1634 3732 tu
1681 3671 2184 3756 integumentum
2230 3676 2397 3737 uale.

446 3798 736 3877 Quorum
770 3803 969 3880 primo
1004 3811 1067 3863 et
1108 3803 1296 3864 tertio
1341 3801 1575 3885 aliquid
1620 3802 2025 3867 delenimenti
2068 3813 2131 3867 et
2161 3807 2450 3870 elisionis
2493 3828 2655 3875 coa·

442 3932 659 4012 gulum
703 3942 770 3994 et
829 3931 909 3994 ad
951 3936 1520 4017 semiseptenariae
1580 3936 2051 3999 similitudinem
2102 3939 2431 4003 accedens
2483 3961 2651 4026 spe·

441 4067 578 4130 cies
626 4067 921 4130 conciliat
980 4086 998 4132 2
1052 4070 1235 4132 alteri
1294 4078 1361 4131 et
1402 4078 1625 4152 quarto
1669 4071 1882 4150 paullo
1925 4073 2067 4153 plus
2113 4074 2453 4137 molestiae
2496 4086 2653 4157 post

387 4262 396 4275 f
439 4195 761 4278 dactylum
824 4199 996 4262 facta
1049 4198 1468 4282 interpunctio
1511 4200 1728 4282 affert,
1770 4220 2127 4285 quanquam
2168 4204 2234 4267 id
2277 4207 2649 4272 incommo-
