2824 4890
1881 349 2226 416 'CXXXV
2239 353 2298 413 u

172 529 268 595 ego
305 514 678 596 quamobrem
720 540 1079 588 mensuram
1122 525 1407 590 concedo
1456 529 1557 591 vel
1585 535 2040 597 necessitatem
2068 534 2304 599 habere

169 647 246 708 vel
282 649 681 716 defensionem
729 655 1105 723 admitteret
1171 661 1319 742 quid
1380 673 1482 725 est
1525 667 1687 726 enim
1739 666 1993 729 tandem
2042 684 2154 731 cur
2199 675 2302 734 vel

163 779 417 861 ingratius
458 802 604 846 esse
647 788 751 848 vel
807 790 1016 850 minus
1065 795 1457 856 couveniens
1516 770 1738 860 rationi
1796 799 2303 879 quamo'brem

158 931 309 993 quam
369 921 1023 998 quemadmodum
1088 923 1421 992 dieamus?
1481 931 1648 1011 quod
1713 933 1993 996 nondum
2057 936 2304 997 exstitit

158 1047 238 1124 qui
274 1046 767 1127 quemadmodum
812 1054 1073 1134 proferri
1112 1056 1372 1122 iuberet.
1463 1060 1723 1124 Certius
1765 1064 1955 1127 etiam
2001 1075 2103 1128 est
2146 1068 2298 1130 bar-

155 1180 307 1263 bara,
363 1204 477 1249 nec
528 1191 634 1251 vel
696 1190 984 1253 Plautina
1044 1192 1150 1254 vel
1192 1195 1380 1257 latina
1424 1213 1576 1258 esse
1622 1199 1823 1261 tribus
1867 1199 2028 1263 adeo
2072 1202 2298 1265 litteris

154 1322 406 1404 correptis
462 1319 785 1404 {mprobus
844 1324 1215 1406 imprudens
1262 1327 1499 1406 datare,
1535 1332 1651 1411 e'yo
1703 1330 2109 1407 o‘btruncdbO,
2140 1333 2297 1416 quid

151 1454 452 1538 'exprobras
507 1467 682 1527 OE'rin.
723 1463 865 1531 318.
956 1465 1101 1544 Quo
1156 1470 1470 1547 pertineat
1535 1468 1721 1531 etiam
1779 1470 2301 1549 quemddmodum

150 1590 444 1669 &spe'diant
480 1618 543 1658 v.
587 1597 757 1678 235,
822 1600 942 1660 nisi
999 1599 1062 1661 id
1126 1601 1210 1661 sit
1252 1601 1312 1660 iu
1361 1602 1723 1666 octonariox
1789 1620 2144 1685 quanquam
2190 1608 2298 1667 vel

149 1723 227 1784 sic
257 1723 443 1790 dubito
486 1749 636 1793 num
682 1750 806 1793 uon
850 1754 978 1811 eoep
1036 1733 1245 1812 potius
1309 1734 1685 1814 corripiatur
1741 1753 1928 1816 quam
1990 1739 2055 1797 in
2103 1756 2293 1800 unam

146 1855 402 1934 syllabam
458 1865 716 1925 modum
773 1864 1115 1925 coalescat.
1204 1861 1505 1925 Ceterum
1561 1884 1684 1927 nou
1742 1865 2088 1929 obliviscor
2129 1870 2291 1930 sim-

145 1987 325 2067 plicem
378 2014 428 2056 a·
478 1995 756 2058 litteram
820 1994 1154 2075 aliquoties
1217 1996 1280 2056 vi
1345 1981 1675 2076 positionis
1742 2000 1975 2078 pariter
2033 2010 2290 2065 exutam

143 2138 261 2184 esse
296 2137 470 2209 atque
513 2149 550 2189 z
597 2133 666 2190 in
710 2133 1023 2206 trapezita
1039 2150 1061 2189 .·
1104 2131 1280 2191 velut
1304 2130 1475 2194 Trin.
1513 2129 1676 2194 1052
1715 2137 1777 2193 si
1803 2153 1985 2212 maye
2007 2139 2287 2213 exigere,

140 2258 237 2319 uisi
293 2261 368 2325 ibi
430 2264 619 2327 aliam
691 2282 942 2346 qnoque
1010 2265 1090 2326 ob
1160 2282 1454 2327 caussam
1522 2273 1940 2348 transponere
2009 2283 2297 2350 praestet

140 2409 285 2468 maye
320 2401 377 2457 ai
413 2403 696 2479 exigere.
782 2377 933 2461 Nou
977 2407 1187 2462 autem
1234 2398 1362 2461 huc
1409 2401 1764 2482 pertinent,
1824 2402 1943 2464 sed
2001 2402 2081 2465 ad
2126 2404 2295 2467 aliud

137 2531 343 2590 omuino
392 2550 621 2613 genus,
659 2532 950 2595 licentiae
1009 2533 1466 2615 prosodiaeae,
1531 2553 1695 2614 quae
1757 2538 1955 2615 vulgo
2001 2536 2294 2598 dicuntur

137 2668 380 2739 correpta
418 2662 676 2743 syllaba
723 2663 1109 2745 pronuntiari
1154 2663 1456 2743 uoliiplus
1495 2660 1807 2725 uenustas
1849 2666 2143 2728 seneclus
2188 2673 2296 2730 iu-

132 2787 322 2854 uentus
357 2791 682 2860 enimuero
732 2793 1149 2876 magistratus
1189 2793 1484 2858 minister
1521 2802 1815 2877 fenestra
1835 2821 1859 2861 .-
1916 2818 2037 2862 nec
2081 2803 2290 2883 magis

130 2912 379 2986 &euictus
420 2944 696 3007 unquam
751 2945 940 3008 quam
985 2922 1274 3007 profecto
1316 2927 1421 2987 vel
1476 2923 1688 2988 dcta-m
1732 2927 1963 2992 dietum
2009 2940 2127 2992 est.
2173 2932 2292 2994 His

134 3047 284 3130 igitur
331 3057 473 3121 hine
516 3059 800 3121 seclusis
852 3062 999 3124 sola
1054 3071 1296 3124 restant
1356 3063 1627 3124 invicem
1681 3082 1831 3125 sese
1887 3067 2130 3126 tuentia
2183 3068 2292 3145 fe-

132 3179 408 3256 riarum,
450 3208 516 3258 et
563 3198 966 3260 tabernaculo
1012 3198 1181 3259 'l'rin.
1226 3219 1289 3259 v.
1317 3197 1460 3258 4z6.
1492 3197 1647 3259 *7262
1693 3216 1860 3278 qnae
1904 3217 2092 3278 quam
2137 3214 2293 3276 gra-

128 3335 248 3382 vem
286 3334 765 3395 excusationem
813 3333 1116 3406 habeant,
1167 3339 1521 3417 perspicies
1570 3337 1672 3397 ubi
1717 3337 1948 3397 nullum
1999 3336 2295 3397 vocabu-

129 3442 260 3533 lum,
299 3459 357 3521 iu
399 3482 528 3545 quo
575 3475 963 3545 quattuor
1009 3469 1862 3548 syllabae.continuae
1911 3472 2293 3554 antispa-

125 3587 381 3653 sticam
446 3616 902 3662 mensuram
970 3612 1350 3681 aequent,
1421 3605 1525 3666 vel
1585 3605 1644 3666 in
1705 3606 2008 3670 iambicos
2077 3609 2183 3670 vel
2230 3614 2292 3670 iu

124 3723 446 3792 trochaicus
497 3752 797 3795 numeros
849 3736 971 3797 nisi
1014 3744 1367 3818 aegerrime
1414 3744 1645 3803 intrare
1690 3745 2107 3823 reputaveris,
2158 3747 2293 3806 Ea-

121 3867 224 3931 que
260 3877 481 3924 caussa
523 3876 648 3946 est,
694 3884 807 3928 cur
841 3872 1029 3930 etiam
1064 3870 1442 3935 simillimum
1473 3874 1882 3939 sedentdrius
1914 3876 2294 3938 vocabulum

119 3981 169 4041 iu
207 3992 489 4073 principio
534 3999 769 4059 senarii
816 4002 1016 4062 locum
1070 4005 1299 4067 lrabeat
1348 4009 1491 4072 Aul.
1539 4027 1638 4086 ιιι,
1685 4009 1752 4088 5,
1797 4008 1898 4071 39.

257 4121 523 4187 Tantum
571 4129 649 4191 de
696 4140 1228 4212 correptione
1293 4141 1364 4197 in
1425 4120 1703 4200 inediis
1766 4142 2126 4204 vocibus
2169 4146 2291 4208 ad·-

121 4251 323 4318 missa:
384 4277 571 4339 quam
630 4280 771 4325 cum
833 4268 1049 4329 certis·
1087 4288 1205 4331 nec
1268 4269 1429 4331 adeo
1489 4274 1712 4350 paucis
1777 4280 2087 4359 exemplis
2132 4297 2288 4343 usus
2379 4304 2390 4313 ·
