<?xml version="1.0" encoding="UTF-8"?>
<!DOCTYPE html PUBLIC "-//W3C//DTD XHTML 1.0 Transitional//EN"
    "http://www.w3.org/TR/xhtml1/DTD/xhtml1-transitional.dtd">
<html xmlns="http://www.w3.org/1999/xhtml" xml:lang="en" lang="en">
 <head>
  <title>
</title>
<meta http-equiv="Content-Type" content="text/html;charset=utf-8" />
  <meta name='ocr-system' content='tesseract 3.04.00' />
  <meta name='ocr-capabilities' content='ocr_page ocr_carea ocr_par ocr_line ocrx_word'/>
</head>
<body>
  <div class='ocr_page' id='page_1' title='image "./tmacciplauticom03ritsgoog_0155.png"; bbox 0 0 2824 4890; ppageno 0'>
   <div class='ocr_carea' id='block_1_1' title="bbox 124 340 2263 2577">
    <p class='ocr_par' dir='ltr' id='par_1_1' title="bbox 124 340 2263 2577">
     <span class='ocr_line' id='line_1_1' title="bbox 2007 340 2258 407; baseline 0.024 -5"><span class='ocrx_word' id='word_1_1' title='bbox 2007 340 2258 407; x_wconf 66' lang='lat' dir='ltr'><strong>cxhv</strong></span> 
     </span>
     <span class='ocr_line' id='line_1_2' title="bbox 165 481 2262 594; baseline 0.01 -30"><span class='ocrx_word' id='word_1_2' title='bbox 165 510 414 585; x_wconf 71' lang='lat' dir='ltr'><strong>suspectis</strong></span> <span class='ocrx_word' id='word_1_3' title='bbox 471 512 735 576; x_wconf 86' lang='lat' dir='ltr'><strong>numeris</strong></span> <span class='ocrx_word' id='word_1_4' title='bbox 795 515 904 575; x_wconf 87' lang='lat' dir='ltr'><strong>vel</strong></span> <span class='ocrx_word' id='word_1_5' title='bbox 936 481 1181 594; x_wconf 43' lang='lat' dir='ltr'><strong>‘specie</strong></span> <span class='ocrx_word' id='word_1_6' title='bbox 1242 514 1475 579; x_wconf 78' lang='lat' dir='ltr'><strong>labanti</strong></span> <span class='ocrx_word' id='word_1_7' title='bbox 1533 525 1737 580; x_wconf 89' lang='lat' dir='ltr'><strong>metro</strong></span> <span class='ocrx_word' id='word_1_8' title='bbox 1800 519 2087 584; x_wconf 76' lang='lat' dir='ltr'><strong>defensio</strong></span> <span class='ocrx_word' id='word_1_9' title='bbox 2146 533 2262 586; x_wconf 84' lang='lat' dir='ltr'><strong>aut</strong></span> 
     </span>
     <span class='ocr_line' id='line_1_3' title="bbox 158 639 2259 729; baseline 0.01 -34"><span class='ocrx_word' id='word_1_10' title='bbox 158 639 417 702; x_wconf 70' lang='lat' dir='ltr'><strong>emutio</strong></span> <span class='ocrx_word' id='word_1_11' title='bbox 467 642 543 704; x_wconf 88' lang='lat' dir='ltr'><strong>ab</strong></span> <span class='ocrx_word' id='word_1_12' title='bbox 593 642 760 705; x_wconf 88' lang='lat' dir='ltr'><strong>illius</strong></span> <span class='ocrx_word' id='word_1_13' title='bbox 816 654 1083 708; x_wconf 88' lang='lat' dir='ltr'><strong>naturae</strong></span> <span class='ocrx_word' id='word_1_14' title='bbox 1142 645 1464 709; x_wconf 87' lang='lat' dir='ltr'><strong>vocabulo</strong></span> <span class='ocrx_word' id='word_1_15' title='bbox 1523 656 1746 728; x_wconf 74' lang='lat' dir='ltr'><strong>parata</strong></span> <span class='ocrx_word' id='word_1_16' title='bbox 1805 650 1927 729; x_wconf 85' lang='lat' dir='ltr'><strong>sit,</strong></span> <span class='ocrx_word' id='word_1_17' title='bbox 1988 669 2113 712; x_wconf 88' lang='lat' dir='ltr'><strong>non</strong></span> <span class='ocrx_word' id='word_1_18' title='bbox 2170 654 2259 715; x_wconf 84' lang='lat' dir='ltr'><strong>sit</strong></span> 
     </span>
     <span class='ocr_line' id='line_1_4' title="bbox 155 764 2260 863; baseline 0.01 -37"><span class='ocrx_word' id='word_1_19' title='bbox 155 764 382 833; x_wconf 84' lang='lat' dir='ltr'><strong>librorum</strong></span> <span class='ocrx_word' id='word_1_20' title='bbox 434 775 731 856; x_wconf 84' lang='lat' dir='ltr'><strong>scriptura</strong></span> <span class='ocrx_word' id='word_1_21' title='bbox 786 785 1028 839; x_wconf 87' lang='lat' dir='ltr'><strong>temere</strong></span> <span class='ocrx_word' id='word_1_22' title='bbox 1086 777 1507 843; x_wconf 84' lang='lat' dir='ltr'><strong>sollicitanda.</strong></span> <span class='ocrx_word' id='word_1_23' title='bbox 1622 782 1843 863; x_wconf 87' lang='lat' dir='ltr'><strong>ltaque</strong></span> <span class='ocrx_word' id='word_1_24' title='bbox 1898 800 2039 845; x_wconf 87' lang='lat' dir='ltr'><strong>cum</strong></span> <span class='ocrx_word' id='word_1_25' title='bbox 2091 785 2260 847; x_wconf 88' lang='lat' dir='ltr'><strong>alio-</strong></span> 
     </span>
     <span class='ocr_line' id='line_1_5' title="bbox 155 903 2259 991; baseline 0.009 -31"><span class='ocrx_word' id='word_1_26' title='bbox 155 913 255 960; x_wconf 80' lang='lat' dir='ltr'><strong>rum</strong></span> <span class='ocrx_word' id='word_1_27' title='bbox 284 903 418 965; x_wconf 84' lang='lat' dir='ltr'><strong>satis</strong></span> <span class='ocrx_word' id='word_1_28' title='bbox 457 904 750 987; x_wconf 75' lang='lat' dir='ltr'>frequens</span> <span class='ocrx_word' id='word_1_29' title='bbox 791 909 881 968; x_wconf 86' lang='lat' dir='ltr'><strong>sit</strong></span> <span class='ocrx_word' id='word_1_30' title='bbox 923 908 1365 989; x_wconf 85' lang='lat' dir='ltr'><strong>monosyllaba</strong></span> <span class='ocrx_word' id='word_1_31' title='bbox 1410 913 1870 991; x_wconf 75' lang='lat' dir='ltr'><strong>pronuntiatio,</strong></span> <span class='ocrx_word' id='word_1_32' title='bbox 1919 925 2132 977; x_wconf 84' lang='lat' dir='ltr'><strong>tamen</strong></span> <span class='ocrx_word' id='word_1_33' title='bbox 2177 935 2259 978; x_wconf 86' lang='lat' dir='ltr'><strong>ne</strong></span> 
     </span>
     <span class='ocr_line' id='line_1_6' title="bbox 150 1025 2261 1126; baseline 0.01 -39"><span class='ocrx_word' id='word_1_34' title='bbox 150 1026 192 1087; x_wconf 90' lang='lat' dir='ltr'><strong>in</strong></span> <span class='ocrx_word' id='word_1_35' title='bbox 223 1030 306 1092; x_wconf 83' lang='lat' dir='ltr'><strong>iila</strong></span> <span class='ocrx_word' id='word_1_36' title='bbox 342 1034 567 1114; x_wconf 86' lang='lat' dir='ltr'><strong>quidem</strong></span> <span class='ocrx_word' id='word_1_37' title='bbox 604 1037 1012 1101; x_wconf 78' lang='lat' dir='ltr'><strong>festinantius</strong></span> <span class='ocrx_word' id='word_1_38' title='bbox 1054 1039 1514 1103; x_wconf 88' lang='lat' dir='ltr'><strong>consulendum</strong></span> <span class='ocrx_word' id='word_1_39' title='bbox 1555 1053 1679 1124; x_wconf 84' lang='lat' dir='ltr'><strong>est,</strong></span> <span class='ocrx_word' id='word_1_40' title='bbox 1726 1063 1893 1126; x_wconf 78' lang='lat' dir='ltr'><strong>quae</strong></span> <span class='ocrx_word' id='word_1_41' title='bbox 1926 1064 2067 1108; x_wconf 90' lang='lat' dir='ltr'><strong>cum</strong></span> <span class='ocrx_word' id='word_1_42' title='bbox 2100 1025 2261 1110; x_wconf 85' lang='lat' dir='ltr'><strong>con-</strong></span> 
     </span>
     <span class='ocr_line' id='line_1_7' title="bbox 150 1154 2260 1259; baseline 0.012 -43"><span class='ocrx_word' id='word_1_43' title='bbox 150 1154 426 1227; x_wconf 79' lang='lat' dir='ltr'><strong>dicionibus</strong></span> <span class='ocrx_word' id='word_1_44' title='bbox 462 1184 652 1249; x_wconf 89' lang='lat' dir='ltr'><strong>supra</strong></span> <span class='ocrx_word' id='word_1_45' title='bbox 690 1169 1028 1251; x_wconf 75' lang='lat' dir='ltr'><strong>explicatis</strong></span> <span class='ocrx_word' id='word_1_46' title='bbox 1070 1171 1514 1255; x_wconf 71' lang='lat' dir='ltr'><strong>satisfaciant,</strong></span> <span class='ocrx_word' id='word_1_47' title='bbox 1573 1195 1779 1259; x_wconf 88' lang='lat' dir='ltr'><strong>pauca</strong></span> <span class='ocrx_word' id='word_1_48' title='bbox 1834 1179 2111 1244; x_wconf 85' lang='lat' dir='ltr'><strong>habeant</strong></span> <span class='ocrx_word' id='word_1_49' title='bbox 2153 1182 2260 1244; x_wconf 85' lang='lat' dir='ltr'><strong>vel</strong></span> 
     </span>
     <span class='ocr_line' id='line_1_8' title="bbox 147 1288 2256 1393; baseline 0.014 -46"><span class='ocrx_word' id='word_1_50' title='bbox 147 1288 339 1372; x_wconf 85' lang='lat' dir='ltr'><strong>singula</strong></span> <span class='ocrx_word' id='word_1_51' title='bbox 371 1304 599 1362; x_wconf 82' lang='lat' dir='ltr'><strong>tantum</strong></span> <span class='ocrx_word' id='word_1_52' title='bbox 645 1300 960 1383; x_wconf 88' lang='lat' dir='ltr'><strong>exempla.</strong></span> <span class='ocrx_word' id='word_1_53' title='bbox 1057 1303 1393 1384; x_wconf 82' lang='lat' dir='ltr'><strong>Frequens</strong></span> <span class='ocrx_word' id='word_1_54' title='bbox 1442 1316 1544 1369; x_wconf 87' lang='lat' dir='ltr'><strong>est</strong></span> <span class='ocrx_word' id='word_1_55' title='bbox 1579 1313 1815 1387; x_wconf 77' lang='lat' dir='ltr'><strong>fores</strong></span> <span class='ocrx_word' id='word_1_56' title='bbox 1861 1314 2256 1393; x_wconf 82' lang='lat' dir='ltr'><strong>monosylla-</strong></span> 
     </span>
     <span class='ocr_line' id='line_1_9' title="bbox 145 1421 2260 1515; baseline 0.01 -30"><span class='ocrx_word' id='word_1_57' title='bbox 145 1421 282 1487; x_wconf 81' lang='lat' dir='ltr'><strong>bum:</strong></span> <span class='ocrx_word' id='word_1_58' title='bbox 327 1430 474 1494; x_wconf 86' lang='lat' dir='ltr'><strong>unde</strong></span> <span class='ocrx_word' id='word_1_59' title='bbox 522 1452 648 1496; x_wconf 89' lang='lat' dir='ltr'><strong>non</strong></span> <span class='ocrx_word' id='word_1_60' title='bbox 703 1442 943 1512; x_wconf 79' lang='lat' dir='ltr'><strong>tantum</strong></span> <span class='ocrx_word' id='word_1_61' title='bbox 981 1427 1181 1515; x_wconf 78' lang='lat' dir='ltr'><strong>foras</strong></span> <span class='ocrx_word' id='word_1_62' title='bbox 1230 1435 1475 1499; x_wconf 85' lang='lat' dir='ltr'><strong>formae</strong></span> <span class='ocrx_word' id='word_1_63' title='bbox 1520 1440 1692 1500; x_wconf 80' lang='lat' dir='ltr'><strong>Trin.</strong></span> <span class='ocrx_word' id='word_1_64' title='bbox 1737 1461 1800 1502; x_wconf 88' lang='lat' dir='ltr'><strong>v.</strong></span> <span class='ocrx_word' id='word_1_65' title='bbox 1845 1441 1971 1503; x_wconf 70' lang='lat'><strong>2⁸76</strong></span> <span class='ocrx_word' id='word_1_66' title='bbox 2013 1451 2260 1508; x_wconf 84' lang='lat' dir='ltr'><strong>certum</strong></span> 
     </span>
     <span class='ocr_line' id='line_1_10' title="bbox 140 1558 2261 1658; baseline 0.014 -42"><span class='ocrx_word' id='word_1_67' title='bbox 140 1558 445 1631; x_wconf 71' lang='lat' dir='ltr'><strong>praesidium</strong></span> <span class='ocrx_word' id='word_1_68' title='bbox 480 1574 742 1646; x_wconf 84' lang='lat' dir='ltr'><strong>praesto</strong></span> <span class='ocrx_word' id='word_1_69' title='bbox 777 1575 900 1648; x_wconf 89' lang='lat' dir='ltr'><strong>est,</strong></span> <span class='ocrx_word' id='word_1_70' title='bbox 948 1569 1324 1648; x_wconf 88' lang='lat' dir='ltr'><strong>praesertim</strong></span> <span class='ocrx_word' id='word_1_71' title='bbox 1356 1587 1498 1633; x_wconf 91' lang='lat' dir='ltr'><strong>cum</strong></span> <span class='ocrx_word' id='word_1_72' title='bbox 1533 1583 1785 1653; x_wconf 81' lang='lat' dir='ltr'><strong>praeter</strong></span> <span class='ocrx_word' id='word_1_73' title='bbox 1814 1575 1936 1637; x_wconf 84' lang='lat' dir='ltr'><strong>alia</strong></span> <span class='ocrx_word' id='word_1_74' title='bbox 1966 1578 2261 1658; x_wconf 69' lang='lat' dir='ltr'><strong>exempla</strong></span> 
     </span>
     <span class='ocr_line' id='line_1_11' title="bbox 142 1682 1195 1779; baseline 0.015 -33"><span class='ocrx_word' id='word_1_75' title='bbox 142 1682 190 1745; x_wconf 83' lang='lat' dir='ltr'><strong>in</strong></span> <span class='ocrx_word' id='word_1_76' title='bbox 221 1688 403 1755; x_wconf 80' lang='lat' dir='ltr'><strong>Sticho</strong></span> <span class='ocrx_word' id='word_1_77' title='bbox 442 1713 697 1779; x_wconf 90' lang='lat' dir='ltr'><strong>qnoque</strong></span> <span class='ocrx_word' id='word_1_78' title='bbox 736 1714 835 1778; x_wconf 74' lang='lat' dir='ltr'><strong>lv,</strong></span> <span class='ocrx_word' id='word_1_79' title='bbox 875 1696 940 1775; x_wconf 79' lang='lat'><strong>2,</strong></span> <span class='ocrx_word' id='word_1_80' title='bbox 991 1698 1068 1761; x_wconf 78' lang='lat'><strong>17</strong></span> <span class='ocrx_word' id='word_1_81' title='bbox 1108 1700 1195 1762; x_wconf 88' lang='lat' dir='ltr'><strong>sit</strong></span> 
     </span>
     <span class='ocr_line' id='line_1_12' title="bbox 406 1830 1836 1920; baseline 0.002 -25"><span class='ocrx_word' id='word_1_82' title='bbox 406 1830 569 1911; x_wconf 81' lang='lat' dir='ltr'><strong>Quid</strong></span> <span class='ocrx_word' id='word_1_83' title='bbox 609 1832 839 1901; x_wconf 66' lang='lat' dir='ltr'><strong>fortis?</strong></span> <span class='ocrx_word' id='word_1_84' title='bbox 881 1836 1088 1898; x_wconf 82' lang='lat' dir='ltr'><strong>Foras</strong></span> <span class='ocrx_word' id='word_1_85' title='bbox 1130 1834 1348 1898; x_wconf 85' lang='lat' dir='ltr'><strong>hercle</strong></span> <span class='ocrx_word' id='word_1_86' title='bbox 1392 1855 1543 1899; x_wconf 89' lang='lat' dir='ltr'><strong>uero</strong></span> <span class='ocrx_word' id='word_1_87' title='bbox 1588 1881 1602 1899; x_wconf 91' lang='lat'><strong>.</strong></span> <span class='ocrx_word' id='word_1_88' title='bbox 1649 1882 1664 1898; x_wconf 90' lang='lat'><strong>.</strong></span> <span class='ocrx_word' id='word_1_89' title='bbox 1710 1882 1726 1898; x_wconf 90' lang='lat'><strong>.</strong></span> <span class='ocrx_word' id='word_1_90' title='bbox 1776 1883 1790 1898; x_wconf 92' lang='lat'><strong>.</strong></span> <span class='ocrx_word' id='word_1_91' title='bbox 1816 1882 1836 1920; x_wconf 86' lang='lat'><strong><em>,</em></strong></span> 
     </span>
     <span class='ocr_line' id='line_1_13' title="bbox 135 1936 1470 2050; baseline 0.013 -32"><span class='ocrx_word' id='word_1_92' title='bbox 135 1964 182 2018; x_wconf 77' lang='lat' dir='ltr'><strong>et</strong></span> <span class='ocrx_word' id='word_1_93' title='bbox 210 1962 262 2021; x_wconf 89' lang='lat' dir='ltr'><strong>in</strong></span> <span class='ocrx_word' id='word_1_94' title='bbox 300 1960 560 2032; x_wconf 84' lang='lat' dir='ltr'><strong>Poenulo</strong></span> <span class='ocrx_word' id='word_1_95' title='bbox 607 1984 683 2049; x_wconf 85' lang='lat' dir='ltr'><strong>v,</strong></span> <span class='ocrx_word' id='word_1_96' title='bbox 726 1969 793 2050; x_wconf 87' lang='lat'><strong>5,</strong></span> <span class='ocrx_word' id='word_1_97' title='bbox 835 1971 909 2030; x_wconf 83' lang='lat'><strong>4:</strong></span> <span class='ocrx_word' id='word_1_98' title='bbox 1467 1936 1470 1939; x_wconf 79' lang='lat'>.</span> 
     </span>
     <span class='ocr_line' id='line_1_14' title="bbox 399 2084 1733 2182; baseline 0.002 -22"><span class='ocrx_word' id='word_1_99' title='bbox 399 2084 559 2182; x_wconf 87' lang='lat' dir='ltr'><strong>&#39;lpse</strong></span> <span class='ocrx_word' id='word_1_100' title='bbox 607 2097 764 2164; x_wconf 87' lang='lat' dir='ltr'><strong>abiit</strong></span> <span class='ocrx_word' id='word_1_101' title='bbox 802 2101 1002 2179; x_wconf 65' lang='lat' dir='ltr'><strong>forae,</strong></span> <span class='ocrx_word' id='word_1_102' title='bbox 1048 2098 1151 2162; x_wconf 70' lang='lat' dir='ltr'><strong>me</strong></span> <span class='ocrx_word' id='word_1_103' title='bbox 1194 2102 1443 2182; x_wconf 89' lang='lat' dir='ltr'><strong>reliquit</strong></span> <span class='ocrx_word' id='word_1_104' title='bbox 1487 2144 1502 2161; x_wconf 87' lang='lat'><strong>.</strong></span> <span class='ocrx_word' id='word_1_105' title='bbox 1548 2144 1563 2161; x_wconf 91' lang='lat'><strong>.</strong></span> <span class='ocrx_word' id='word_1_106' title='bbox 1612 2146 1629 2161; x_wconf 90' lang='lat'><strong>.</strong></span> <span class='ocrx_word' id='word_1_107' title='bbox 1675 2125 1733 2163; x_wconf 89' lang='lat'><strong>.:</strong></span> 
     </span>
     <span class='ocr_line' id='line_1_15' title="bbox 124 2219 2263 2315; baseline 0.004 -27"><span class='ocrx_word' id='word_1_108' title='bbox 124 2219 216 2282; x_wconf 64' lang='lat'><strong>8011</strong></span> <span class='ocrx_word' id='word_1_109' title='bbox 249 2225 354 2289; x_wconf 86' lang='lat' dir='ltr'><strong>nisi</strong></span> <span class='ocrx_word' id='word_1_110' title='bbox 393 2230 665 2297; x_wconf 74' lang='lat' dir='ltr'><strong>fallimur</strong></span> <span class='ocrx_word' id='word_1_111' title='bbox 707 2232 901 2295; x_wconf 86' lang='lat' dir='ltr'><strong>etiam</strong></span> <span class='ocrx_word' id='word_1_112' title='bbox 936 2225 1164 2312; x_wconf 60' lang='lat' dir='ltr'><strong>forum</strong></span> <span class='ocrx_word' id='word_1_113' title='bbox 1212 2234 1561 2295; x_wconf 87' lang='lat' dir='ltr'><strong>vocabulo:</strong></span> <span class='ocrx_word' id='word_1_114' title='bbox 1603 2232 1770 2315; x_wconf 87' lang='lat' dir='ltr'><strong>quod</strong></span> <span class='ocrx_word' id='word_1_115' title='bbox 1810 2234 1933 2295; x_wconf 88' lang='lat' dir='ltr'><strong>etsi</strong></span> <span class='ocrx_word' id='word_1_116' title='bbox 1969 2251 2087 2295; x_wconf 86' lang='lat' dir='ltr'><strong>nec</strong></span> <span class='ocrx_word' id='word_1_117' title='bbox 2118 2235 2263 2298; x_wconf 88' lang='lat' dir='ltr'><strong>alibi</strong></span> 
     </span>
     <span class='ocr_line' id='line_1_16' title="bbox 124 2358 2260 2444; baseline 0.008 -33"><span class='ocrx_word' id='word_1_118' title='bbox 124 2358 319 2434; x_wconf 81' lang='lat' dir='ltr'><strong>repperi</strong></span> <span class='ocrx_word' id='word_1_119' title='bbox 359 2379 473 2424; x_wconf 89' lang='lat' dir='ltr'><strong>nec</strong></span> <span class='ocrx_word' id='word_1_120' title='bbox 514 2365 578 2426; x_wconf 91' lang='lat' dir='ltr'><strong>in</strong></span> <span class='ocrx_word' id='word_1_121' title='bbox 624 2365 906 2425; x_wconf 86' lang='lat' dir='ltr'><strong>senariis</strong></span> <span class='ocrx_word' id='word_1_122' title='bbox 947 2362 1456 2444; x_wconf 79' lang='lat' dir='ltr'><strong>septenariisque</strong></span> <span class='ocrx_word' id='word_1_123' title='bbox 1491 2362 1681 2425; x_wconf 80' lang='lat' dir='ltr'><strong>facile</strong></span> <span class='ocrx_word' id='word_1_124' title='bbox 1720 2365 2151 2427; x_wconf 74' lang='lat' dir='ltr'><strong>concesserim</strong></span> <span class='ocrx_word' id='word_1_125' title='bbox 2199 2369 2260 2428; x_wconf 87' lang='lat' dir='ltr'><strong>in</strong></span> 
     </span>
     <span class='ocr_line' id='line_1_17' title="bbox 124 2493 2262 2577; baseline 0.006 -29"><span class='ocrx_word' id='word_1_126' title='bbox 124 2496 271 2549; x_wconf 68' lang='lat' dir='ltr'><strong>unam</strong></span> <span class='ocrx_word' id='word_1_127' title='bbox 307 2493 612 2572; x_wconf 73' lang='lat' dir='ltr'><strong>syllabam</strong></span> <span class='ocrx_word' id='word_1_128' title='bbox 655 2502 1052 2558; x_wconf 88' lang='lat' dir='ltr'><strong>contractum</strong></span> <span class='ocrx_word' id='word_1_129' title='bbox 1081 2497 1258 2568; x_wconf 86' lang='lat' dir='ltr'><strong>(nam</strong></span> <span class='ocrx_word' id='word_1_130' title='bbox 1290 2494 1527 2557; x_wconf 85' lang='lat' dir='ltr'><strong>Pseud.</strong></span> <span class='ocrx_word' id='word_1_131' title='bbox 1550 2511 1649 2574; x_wconf 78' lang='lat' dir='ltr'><strong>lv,</strong></span> <span class='ocrx_word' id='word_1_132' title='bbox 1674 2496 1741 2577; x_wconf 78' lang='lat'><strong>7,</strong></span> <span class='ocrx_word' id='word_1_133' title='bbox 1772 2495 1891 2559; x_wconf 75' lang='lat'><strong>132</strong></span> <span class='ocrx_word' id='word_1_134' title='bbox 1917 2496 2262 2561; x_wconf 82' lang='lat' dir='ltr'><strong>tollendum</strong></span> 
     </span>
    </p>
   </div>
   <div class='ocr_carea' id='block_1_2' title="bbox 94 2611 2283 4294">
    <p class='ocr_par' dir='ltr' id='par_1_2' title="bbox 94 2611 2283 4294">
     <span class='ocr_line' id='line_1_18' title="bbox 122 2611 2263 2697; baseline -0.001 -8"><span class='ocrx_word' id='word_1_135' title='bbox 122 2611 268 2697; x_wconf 62' lang='lat' dir='ltr'><strong>lm),</strong></span> <span class='ocrx_word' id='word_1_136' title='bbox 299 2630 497 2687; x_wconf 81' lang='lat' dir='ltr'><strong>tamen</strong></span> <span class='ocrx_word' id='word_1_137' title='bbox 539 2645 581 2690; x_wconf 88' lang='lat' dir='ltr'><strong>a</strong></span> <span class='ocrx_word' id='word_1_138' title='bbox 626 2624 1030 2688; x_wconf 83' lang='lat' dir='ltr'><strong>liberioribus</strong></span> <span class='ocrx_word' id='word_1_139' title='bbox 1073 2624 1310 2688; x_wconf 88' lang='lat' dir='ltr'><strong>cantici</strong></span> <span class='ocrx_word' id='word_1_140' title='bbox 1352 2624 1627 2687; x_wconf 86' lang='lat' dir='ltr'><strong>numeris</strong></span> <span class='ocrx_word' id='word_1_141' title='bbox 1652 2644 1776 2686; x_wconf 86' lang='lat' dir='ltr'><strong>nou</strong></span> <span class='ocrx_word' id='word_1_142' title='bbox 1806 2642 1961 2687; x_wconf 85' lang='lat' dir='ltr'><strong>esse</strong></span> <span class='ocrx_word' id='word_1_143' title='bbox 1987 2624 2263 2686; x_wconf 84' lang='lat' dir='ltr'><strong>alienum</strong></span> 
     </span>
     <span class='ocr_line' id='line_1_19' title="bbox 116 2747 2270 2819; baseline -0.002 0"><span class='ocrx_word' id='word_1_144' title='bbox 116 2748 293 2819; x_wconf 68' lang='lat' dir='ltr'><strong>putavi</strong></span> <span class='ocrx_word' id='word_1_145' title='bbox 331 2771 389 2815; x_wconf 87' lang='lat' dir='ltr'><strong>v.</strong></span> <span class='ocrx_word' id='word_1_146' title='bbox 428 2756 575 2819; x_wconf 76' lang='lat'><strong>261.</strong></span> <span class='ocrx_word' id='word_1_147' title='bbox 690 2754 1168 2817; x_wconf 85' lang='lat' dir='ltr'><strong>Dubitationem</strong></span> <span class='ocrx_word' id='word_1_148' title='bbox 1235 2772 1358 2815; x_wconf 88' lang='lat' dir='ltr'><strong>non</strong></span> <span class='ocrx_word' id='word_1_149' title='bbox 1422 2752 1612 2816; x_wconf 87' lang='lat' dir='ltr'><strong>habet</strong></span> <span class='ocrx_word' id='word_1_150' title='bbox 1676 2757 1891 2816; x_wconf 79' lang='lat' dir='ltr'><strong>decem</strong></span> <span class='ocrx_word' id='word_1_151' title='bbox 1950 2747 2270 2817; x_wconf 70' lang='lat' dir='ltr'><strong>minas.-</strong></span> 
     </span>
     <span class='ocr_line' id='line_1_20' title="bbox 112 2886 2266 2971; baseline 0.008 -39"><span class='ocrx_word' id='word_1_152' title='bbox 112 2890 209 2938; x_wconf 89' lang='lat' dir='ltr'><strong>nec</strong></span> <span class='ocrx_word' id='word_1_153' title='bbox 247 2887 435 2949; x_wconf 79' lang='lat' dir='ltr'><strong>tamen</strong></span> <span class='ocrx_word' id='word_1_154' title='bbox 477 2888 573 2952; x_wconf 79' lang='lat' dir='ltr'><strong>ad</strong></span> <span class='ocrx_word' id='word_1_155' title='bbox 608 2892 839 2967; x_wconf 75' lang='lat' dir='ltr'><strong>minas,</strong></span> <span class='ocrx_word' id='word_1_156' title='bbox 888 2886 1058 2971; x_wconf 89' lang='lat' dir='ltr'><strong>quod</strong></span> <span class='ocrx_word' id='word_1_157' title='bbox 1098 2895 1201 2948; x_wconf 89' lang='lat' dir='ltr'><strong>cst</strong></span> <span class='ocrx_word' id='word_1_158' title='bbox 1239 2904 1279 2948; x_wconf 93' lang='lat' dir='ltr'><strong>a</strong></span> <span class='ocrx_word' id='word_1_159' title='bbox 1317 2889 1633 2960; x_wconf 80' lang='lat' dir='ltr'><strong>minando,</strong></span> <span class='ocrx_word' id='word_1_160' title='bbox 1685 2905 1957 2968; x_wconf 89' lang='lat' dir='ltr'><strong>unquam</strong></span> <span class='ocrx_word' id='word_1_161' title='bbox 1991 2905 2071 2949; x_wconf 88' lang='lat' dir='ltr'><strong>ea</strong></span> <span class='ocrx_word' id='word_1_162' title='bbox 2103 2904 2266 2949; x_wconf 89' lang='lat' dir='ltr'><strong>con-</strong></span> 
     </span>
     <span class='ocr_line' id='line_1_21' title="bbox 113 3015 2264 3105; baseline 0.003 -32"><span class='ocrx_word' id='word_1_163' title='bbox 113 3015 298 3077; x_wconf 76' lang='lat' dir='ltr'><strong>tractio</strong></span> <span class='ocrx_word' id='word_1_164' title='bbox 337 3022 637 3087; x_wconf 73' lang='lat' dir='ltr'><strong>traducta</strong></span> <span class='ocrx_word' id='word_1_165' title='bbox 679 3033 817 3105; x_wconf 85' lang='lat' dir='ltr'><strong>est,</strong></span> <span class='ocrx_word' id='word_1_166' title='bbox 871 3038 995 3083; x_wconf 87' lang='lat' dir='ltr'><strong>nec</strong></span> <span class='ocrx_word' id='word_1_167' title='bbox 1050 3018 1130 3082; x_wconf 85' lang='lat' dir='ltr'><strong>ad</strong></span> <span class='ocrx_word' id='word_1_168' title='bbox 1182 3017 1681 3098; x_wconf 84' lang='lat' dir='ltr'><strong>comparativum</strong></span> <span class='ocrx_word' id='word_1_169' title='bbox 1724 3023 1955 3081; x_wconf 73' lang='lat' dir='ltr'><strong>minus.</strong></span> <span class='ocrx_word' id='word_1_170' title='bbox 2045 3018 2264 3081; x_wconf 88' lang='lat' dir='ltr'><strong>Certis</strong></span> 
     </span>
     <span class='ocr_line' id='line_1_22' title="bbox 109 3133 2272 3216; baseline 0.004 -16"><span class='ocrx_word' id='word_1_171' title='bbox 109 3133 452 3213; x_wconf 81' lang='lat' dir='ltr'><strong>documentis</strong></span> <span class='ocrx_word' id='word_1_172' title='bbox 485 3159 751 3216; x_wconf 72' lang='lat' dir='ltr'><strong>constat</strong></span> <span class='ocrx_word' id='word_1_173' title='bbox 796 3149 878 3212; x_wconf 89' lang='lat' dir='ltr'><strong>de</strong></span> <span class='ocrx_word' id='word_1_174' title='bbox 919 3143 1204 3212; x_wconf 69' lang='lat' dir='ltr'><strong>simul:</strong></span> <span class='ocrx_word' id='word_1_175' title='bbox 1245 3149 1431 3210; x_wconf 88' lang='lat' dir='ltr'><strong>cuius</strong></span> <span class='ocrx_word' id='word_1_176' title='bbox 1473 3147 1940 3209; x_wconf 81' lang='lat' dir='ltr'><strong>similitudinem</strong></span> <span class='ocrx_word' id='word_1_177' title='bbox 1974 3168 2096 3209; x_wconf 85' lang='lat' dir='ltr'><strong>non</strong></span> <span class='ocrx_word' id='word_1_178' title='bbox 2129 3167 2272 3209; x_wconf 88' lang='lat' dir='ltr'><strong>me-</strong></span> 
     </span>
     <span class='ocr_line' id='line_1_23' title="bbox 108 3268 2269 3361; baseline 0.001 -29"><span class='ocrx_word' id='word_1_179' title='bbox 108 3268 226 3333; x_wconf 78' lang='lat' dir='ltr'><strong>mini</strong></span> <span class='ocrx_word' id='word_1_180' title='bbox 274 3293 432 3341; x_wconf 89' lang='lat' dir='ltr'><strong>nunc</strong></span> <span class='ocrx_word' id='word_1_181' title='bbox 483 3280 739 3343; x_wconf 75' lang='lat' dir='ltr'><strong>semel</strong></span> <span class='ocrx_word' id='word_1_182' title='bbox 790 3297 1046 3361; x_wconf 85' lang='lat' dir='ltr'><strong>quoque</strong></span> <span class='ocrx_word' id='word_1_183' title='bbox 1098 3279 1315 3357; x_wconf 85' lang='lat' dir='ltr'><strong>sequi,</strong></span> <span class='ocrx_word' id='word_1_184' title='bbox 1374 3294 1734 3357; x_wconf 84' lang='lat' dir='ltr'><strong>quanquam</strong></span> <span class='ocrx_word' id='word_1_185' title='bbox 1792 3275 1851 3337; x_wconf 93' lang='lat' dir='ltr'><strong>id</strong></span> <span class='ocrx_word' id='word_1_186' title='bbox 1900 3278 1956 3336; x_wconf 91' lang='lat' dir='ltr'><strong>si</strong></span> <span class='ocrx_word' id='word_1_187' title='bbox 2002 3278 2060 3335; x_wconf 90' lang='lat' dir='ltr'><strong>in</strong></span> <span class='ocrx_word' id='word_1_188' title='bbox 2107 3292 2269 3337; x_wconf 89' lang='lat' dir='ltr'><strong>ana-</strong></span> 
     </span>
     <span class='ocr_line' id='line_1_24' title="bbox 107 3407 2267 3497; baseline -0 -28"><span class='ocrx_word' id='word_1_189' title='bbox 107 3408 366 3481; x_wconf 67' lang='lat' dir='ltr'><strong>paesticis</strong></span> <span class='ocrx_word' id='word_1_190' title='bbox 408 3411 844 3476; x_wconf 87' lang='lat' dir='ltr'><strong>octonariisve</strong></span> <span class='ocrx_word' id='word_1_191' title='bbox 887 3410 1188 3472; x_wconf 82' lang='lat' dir='ltr'><strong>offeratur</strong></span> <span class='ocrx_word' id='word_1_192' title='bbox 1232 3408 1536 3497; x_wconf 79' lang='lat' dir='ltr'><strong>neglecta</strong></span> <span class='ocrx_word' id='word_1_193' title='bbox 1579 3408 1642 3467; x_wconf 87' lang='lat' dir='ltr'><strong>vi</strong></span> <span class='ocrx_word' id='word_1_194' title='bbox 1690 3407 2021 3486; x_wconf 80' lang='lat' dir='ltr'><strong>positionis</strong></span> <span class='ocrx_word' id='word_1_195' title='bbox 2068 3424 2267 3468; x_wconf 89' lang='lat' dir='ltr'><strong>usur-</strong></span> 
     </span>
     <span class='ocr_line' id='line_1_25' title="bbox 104 3536 2276 3621; baseline 0 -18"><span class='ocrx_word' id='word_1_196' title='bbox 104 3545 322 3621; x_wconf 62' lang='lat' dir='ltr'><strong>patum,</strong></span> <span class='ocrx_word' id='word_1_197' title='bbox 378 3562 507 3606; x_wconf 89' lang='lat' dir='ltr'><strong>non</strong></span> <span class='ocrx_word' id='word_1_198' title='bbox 578 3542 701 3605; x_wconf 87' lang='lat' dir='ltr'><strong>sim</strong></span> <span class='ocrx_word' id='word_1_199' title='bbox 759 3540 1157 3603; x_wconf 78' lang='lat' dir='ltr'><strong>dubitaturus</strong></span> <span class='ocrx_word' id='word_1_200' title='bbox 1216 3536 1499 3600; x_wconf 86' lang='lat' dir='ltr'><strong>adhibita</strong></span> <span class='ocrx_word' id='word_1_201' title='bbox 1558 3537 1773 3616; x_wconf 87' lang='lat' dir='ltr'><strong>potius</strong></span> <span class='ocrx_word' id='word_1_202' title='bbox 1833 3538 2276 3621; x_wconf 84' lang='lat' dir='ltr'><strong>monosyllaba</strong></span> 
     </span>
     <span class='ocr_line' id='line_1_26' title="bbox 100 3670 2275 3752; baseline 0.001 -23"><span class='ocrx_word' id='word_1_203' title='bbox 100 3672 572 3744; x_wconf 75' lang='lat' dir='ltr'><strong>pronuntiatione</strong></span> <span class='ocrx_word' id='word_1_204' title='bbox 626 3672 994 3735; x_wconf 81' lang='lat' dir='ltr'><strong>defendere.</strong></span> <span class='ocrx_word' id='word_1_205' title='bbox 1097 3671 1401 3735; x_wconf 84' lang='lat' dir='ltr'><strong>Ceterum</strong></span> <span class='ocrx_word' id='word_1_206' title='bbox 1462 3671 1629 3752; x_wconf 85' lang='lat' dir='ltr'><strong>quod</strong></span> <span class='ocrx_word' id='word_1_207' title='bbox 1677 3670 2017 3733; x_wconf 87' lang='lat' dir='ltr'><strong>identidem</strong></span> <span class='ocrx_word' id='word_1_208' title='bbox 2065 3672 2275 3733; x_wconf 89' lang='lat' dir='ltr'><strong>monui</strong></span> 
     </span>
     <span class='ocr_line' id='line_1_27' title="bbox 100 3803 2274 3886; baseline 0.004 -29"><span class='ocrx_word' id='word_1_209' title='bbox 100 3807 263 3863; x_wconf 70' lang='lat' dir='ltr'><strong>caute</strong></span> <span class='ocrx_word' id='word_1_210' title='bbox 315 3812 380 3866; x_wconf 87' lang='lat' dir='ltr'><strong>et</strong></span> <span class='ocrx_word' id='word_1_211' title='bbox 430 3808 902 3886; x_wconf 79' lang='lat' dir='ltr'><strong>circumspecte</strong></span> <span class='ocrx_word' id='word_1_212' title='bbox 959 3807 1151 3867; x_wconf 87' lang='lat' dir='ltr'><strong>etiam</strong></span> <span class='ocrx_word' id='word_1_213' title='bbox 1211 3804 1271 3866; x_wconf 93' lang='lat' dir='ltr'><strong>in</strong></span> <span class='ocrx_word' id='word_1_214' title='bbox 1334 3808 1437 3867; x_wconf 87' lang='lat' dir='ltr'><strong>eis</strong></span> <span class='ocrx_word' id='word_1_215' title='bbox 1508 3805 1896 3869; x_wconf 87' lang='lat' dir='ltr'><strong>versandum</strong></span> <span class='ocrx_word' id='word_1_216' title='bbox 1951 3823 2102 3865; x_wconf 87' lang='lat' dir='ltr'><strong>esse</strong></span> <span class='ocrx_word' id='word_1_217' title='bbox 2124 3846 2146 3883; x_wconf 88' lang='lat'><strong><em>,</em></strong></span> <span class='ocrx_word' id='word_1_218' title='bbox 2191 3803 2274 3866; x_wconf 85' lang='lat' dir='ltr'><strong>de</strong></span> 
     </span>
     <span class='ocr_line' id='line_1_28' title="bbox 95 3931 2283 4029; baseline -0.001 -34"><span class='ocrx_word' id='word_1_219' title='bbox 95 3947 329 4011; x_wconf 82' lang='lat' dir='ltr'><strong>quorum</strong></span> <span class='ocrx_word' id='word_1_220' title='bbox 376 3940 642 4029; x_wconf 38' lang='lat' dir='ltr'><strong>,ratione</strong></span> <span class='ocrx_word' id='word_1_221' title='bbox 699 3939 1003 4002; x_wconf 83' lang='lat' dir='ltr'><strong>universa</strong></span> <span class='ocrx_word' id='word_1_222' title='bbox 1058 3939 1221 4000; x_wconf 85' lang='lat' dir='ltr'><strong>satis</strong></span> <span class='ocrx_word' id='word_1_223' title='bbox 1273 3945 1571 4018; x_wconf 87' lang='lat' dir='ltr'><strong>constet,</strong></span> <span class='ocrx_word' id='word_1_224' title='bbox 1632 3937 1694 3999; x_wconf 90' lang='lat' dir='ltr'><strong>id</strong></span> <span class='ocrx_word' id='word_1_225' title='bbox 1751 3935 1955 4017; x_wconf 85' lang='lat' dir='ltr'><strong>ipsius</strong></span> <span class='ocrx_word' id='word_1_226' title='bbox 2014 3931 2283 3994; x_wconf 69' lang='lat' dir='ltr'><strong>simul</strong></span> 
     </span>
     <span class='ocr_line' id='line_1_29' title="bbox 94 4067 2271 4157; baseline -0.002 -24"><span class='ocrx_word' id='word_1_227' title='bbox 94 4068 415 4147; x_wconf 77' lang='lat' dir='ltr'><strong>particulae</strong></span> <span class='ocrx_word' id='word_1_228' title='bbox 458 4078 761 4157; x_wconf 84' lang='lat' dir='ltr'><strong>exemplo</strong></span> <span class='ocrx_word' id='word_1_229' title='bbox 806 4076 1224 4156; x_wconf 88' lang='lat' dir='ltr'><strong>comprobare</strong></span> <span class='ocrx_word' id='word_1_230' title='bbox 1278 4074 1446 4136; x_wconf 88' lang='lat' dir='ltr'><strong>licet.</strong></span> <span class='ocrx_word' id='word_1_231' title='bbox 1548 4072 1718 4133; x_wconf 84' lang='lat' dir='ltr'><strong>Nam</strong></span> <span class='ocrx_word' id='word_1_232' title='bbox 1766 4067 2152 4131; x_wconf 80' lang='lat' dir='ltr'><strong>Mercatoris</strong></span> <span class='ocrx_word' id='word_1_233' title='bbox 2196 4086 2271 4147; x_wconf 87' lang='lat'><strong>11,</strong></span> 
     </span>
     <span class='ocr_line' id='line_1_30' title="bbox 97 4203 1127 4294; baseline 0.002 -26"><span class='ocrx_word' id='word_1_234' title='bbox 97 4203 151 4284; x_wconf 71' lang='lat'><strong>⁴,</strong></span> <span class='ocrx_word' id='word_1_235' title='bbox 190 4206 228 4268; x_wconf 76' lang='lat'>⁷</span> <span class='ocrx_word' id='word_1_236' title='bbox 267 4228 409 4275; x_wconf 89' lang='lat' dir='ltr'><strong>cum</strong></span> <span class='ocrx_word' id='word_1_237' title='bbox 454 4213 658 4294; x_wconf 84' lang='lat' dir='ltr'><strong>vulgo</strong></span> <span class='ocrx_word' id='word_1_238' title='bbox 702 4210 802 4274; x_wconf 84' lang='lat' dir='ltr'><strong>sic</strong></span> <span class='ocrx_word' id='word_1_239' title='bbox 842 4209 1127 4292; x_wconf 84' lang='lat' dir='ltr'><strong>legatur:</strong></span> 
     </span>
    </p>
   </div>
   <div class='ocr_carea' id='block_1_3' title="bbox 221 4355 1872 4405">
    <p class='ocr_par' dir='ltr' id='par_1_3' title="bbox 221 4355 1872 4405">
     <span class='ocr_line' id='line_1_31' title="bbox 221 4355 1872 4405; baseline 0.001 -6"><span class='ocrx_word' id='word_1_240' title='bbox 221 4360 355 4402; x_wconf 63' lang='lat' dir='ltr'><strong>Pla-ti</strong></span> <span class='ocrx_word' id='word_1_241' title='bbox 377 4361 502 4405; x_wconf 70' lang='lat'><strong>0⁰..</strong></span> <span class='ocrx_word' id='word_1_242' title='bbox 532 4362 569 4402; x_wconf 80' lang='grc' dir='ltr'><strong>Ι.</strong></span> <span class='ocrx_word' id='word_1_243' title='bbox 597 4362 636 4403; x_wconf 82' lang='grc' dir='ltr'><strong>Ι.</strong></span> <span class='ocrx_word' id='word_1_244' title='bbox 662 4361 782 4403; x_wconf 61' lang='lat' dir='ltr'><strong>trin.</strong></span> <span class='ocrx_word' id='word_1_245' title='bbox 1827 4355 1872 4401; x_wconf 73' lang='lat' dir='ltr'>K</span> 
     </span>
    </p>
   </div>
  </div>
 </body>
</html>
