2824 4890
420 323 807 387 chxxxv
814 325 840 384 1

588 503 758 566 Nam
804 501 1114 563 certumst
1157 504 1297 563 sine
1343 501 1493 562 dote
1536 497 1692 562 haut
1721 504 1891 563 dare.
1943 500 2073 561 ΞΤ.
2099 502 2336 580 quintu
2368 498 2388 561 i
2418 501 2627 564 mode.

580 636 795 697 Meam
841 633 1336 717 neglegentiam.
1380 636 1510 697 ST.
1558 630 1578 694 i
1621 636 1822 699 modo.
1870 635 2002 694 [ΑΕ.
2050 630 2220 694 unito
2268 632 2482 695 modo.

416 765 561 844 Quo
614 766 721 828 ina
778 785 1029 846 quoque
1085 767 1381 846 exempla
1441 767 1686 848 refero,
1754 769 1817 827 in
1878 767 2106 848 quibus
2164 768 2223 826 si
2281 765 2626 827 illiusmodi

410 899 700 980 syllabas
762 918 876 979 pro
938 899 1241 961 brevibus
1296 900 1702 981 haberemus,
1760 899 1951 962 vaide
1995 901 2246 983 ingrata
2289 901 2632 984 diremptio

409 1034 698 1097 tribrachi
743 1034 952 1114 fieret,
1000 1040 1066 1095 ut
1113 1054 1173 1094 v.
1219 1035 1364 1094 941.
1417 1032 1616 1095 1179:

572 1163 714 1229 Stib
758 1168 919 1229 solio
953 1163 1183 1229 Iouis?
1224 1167 1359 1229 SY.
1404 1167 1495 1228 ita
1521 1164 1681 1227 dico.
1732 1164 1871 1227 CH.
1899 1185 1936 1225 e
1963 1164 2192 1228 cae'lo?
2242 1164 2377 1226 SY.
2425 1174 2631 1247 atque

1549 1293 1554 1296 ’
1770 1309 1808 1350 e
1853 1285 2063 1350 medio
2109 1288 2384 1370 quidem.

576 1414 741 1497 Quis
784 1415 846 1479 id
898 1415 1038 1479 ait?
1092 1414 1232 1476 ΒΥ.
1289 1433 1434 1495 ego.
1480 1415 1638 1482 LE..
1673 1410 1786 1475 ttin
1846 1409 2110 1475 uidisti?
2168 1413 2308 1476 12Y.
2364 1421 2433 1473 et
2487 1408 2633 1473 tute

1774 1541 1925 1602 item
1972 1536 2196 1600 uidetis
2241 1539 2408 1598 licet.

408 1676 693 1754 Quorum
738 1693 1043 1736 versuum
1093 1675 1360 1755 priorem
1405 1693 1531 1736 non
1575 1673 1720 1734 sine
1763 1690 2010 1733 summo
2071 1671 2436 1751 elegantiae
2495 1671 2628 1731 de·-

407 1808 698 1868 trimento
744 1807 842 1866 sic
884 1804 1210 1867 dimetiare
1254 1823 1379 1866 una
1419 1804 1666 1885 syllaba
1711 1812 1995 1865 auctum:

571 1938 710 2003 Stib
773 1941 938 2003 solio
1004 1941 1205 2003 Iouis:
1273 1935 1362 2002 ita
1409 1940 1587 2002 dico:
1653 1959 1690 2000 e
1732 1935 2027 2000 caelone:
2093 1950 2283 2020 atque
2331 1957 2366 1998 e
2410 1937 2630 1999 medio

1753 2066 2028 2147 quidem.
2076 2101 2153 2109 —

407 2198 540 2257 Aut
585 2196 735 2256 talia
773 2206 984 2257 autem
1027 2197 1129 2258 vel
1176 2207 1480 2277 cognata,
1526 2207 1633 2259 aut
1676 2206 1996 2277 corrupta,
2045 2214 2206 2276 quae
2235 2196 2430 2258 allata
2459 2198 2623 2275 vidi,

405 2342 555 2393 sunt
589 2332 812 2392 omnia.
865 2329 1034 2407 Quid
1067 2293 1229 2391 enim
1262 2332 1481 2392 mii-uin
1512 2335 1570 2391 si
1618 2331 1675 2390 in
1723 2334 2020 2392 centenis·
2060 2330 2352 2390 versibus
2399 2329 2618 2394 multis

405 2456 613 2519 modis
672 2461 987 2538 corruptis
1046 2415 1385 2537 aliquoties
1441 2456 1799 2536 corruptela
1856 2458 2046 2517 etiam
2109 2474 2187 2515 eo
2251 2456 2483 2539 valuit,
2552 2468 2623 2520 ut

406 2591 668 2652 brevem
715 2612 826 2673 pro
872 2593 1064 2673 longa
1106 2593 1355 2674 syllaba
1402 2593 1627 2654 librarii
1683 2589 2038 2655 inferrent?
2105 2595 2189 2655 Et
2249 2597 2628 2675 pierumque

402 2735 529 2786 tam
577 2736 680 2787 est
724 2736 1014 2807 prompta
1059 2737 1253 2808 utque
1299 2728 1570 2789 evidens
1614 2729 1996 2810 emendatio,
2043 2740 2109 2791 ut
2142 2734 2368 2790 mirere
2404 2748 2619 2811 quen-

407 2880 593 2941 quam
638 2860 868 2942 fugere
912 2864 1223 2942 potuisse.
1310 2864 1506 2925 Velut
1551 2861 1693 2924 cum
1741 2862 1927 2942 Capt.
1976 2863 2130 2943 prol.
2179 2862 2222 2921 9

579 2996 869 3075 Eumque
913 2992 1060 3056 hinc
1103 2998 1476 3078 profugiens
1520 2997 1803 3061 ue'ndidit
1848 3002 1908 3060 in
1955 2986 2161 3060 'Alide

404 3130 671 3212 egregie
729 3132 1056 3192 Beckerus
1114 3131 1193 3193 de
1255 3151 1418 3194 com.
1478 3132 1662 3194 Rom.
1730 3131 1853 3192 fab.
1917 3151 1978 3211 p.
2038 3130 2159 3191 108
2222 3126 2619 3190 emaculavit

401 3274 709 3326 revocato
756 3284 988 3326 uenum
1031 3269 1217 3340 dedit,
1268 3265 1436 3349 quod
1482 3266 1765 3328 similitor
1809 3285 1846 3326 a
1892 3266 2157 3326 librariis
2201 3263 2614 3323 obscuratum

402 3405 510 3457 est
555 3404 748 3478 atque
793 3398 936 3458 aiibi
979 3402 1203 3458 uenire
1250 3418 1363 3479 pro
1407 3418 1643 3459 uenum
1672 3403 1766 3459 ire
1791 3398 2299 3459 substituerunt:
2345 3391 2407 3454 id
2442 3390 2612 3471 quod

400 3527 710 3588 subtiliter
769 3527 1230 3591 Fleckeisenus
1287 3549 1490 3610 nuper
1549 3528 1785 3591 docuit.
1894 3530 2044 3591 Non
2112 3526 2353 3589 maiore
2414 3544 2612 3605 opera

401 3660 605 3723 Stichi
651 3680 722 3736 11,
760 3661 822 3737 2,
860 3662 948 3723 60
992 3664 1373 3725 restituitur:

565 3792 696 3857 ldm
741 3817 855 3873 eqo
899 3817 1021 3858 non
1066 3797 1236 3859 facio
1268 3794 1664 3861 auctionem:
1712 3817 1862 3858 nam
1893 3793 2123 3878 dbtigit
2149 3798 2238 3855 mi
2265 3790 2613 3855 hereditas.

394 3922 466 3981 ln
516 3922 914 3986 Menaechm.
953 3940 1023 4003 v,
1056 3923 1121 4006 5,
1153 3924 1238 3987 22
1279 3935 1494 3987 autem
1537 3945 1652 4005 pro
1690 3930 1961 4004 percipit
1995 3929 2254 3986 insania
2296 3928 2443 4006 ipso
2490 3945 2604 3988 re-

396 4052 603 4131 posito
650 4054 1060 4116 coniunctivo
1106 4056 1350 4120 scribet

1729 4163 1877 4247 quid
1920 4159 2147 4225 cessus
2192 4160 2345 4223 dare

563 4263 849 4328 Potionis
893 4268 1151 4349 aliquid,
1200 4266 1565 4352 priusquam
1611 4270 1924 4353 percipiat
1957 4266 2225 4332 insinia.
