2824 4890
2000 360 2351 427 ccxclx

991 1968 1052 2075 Ne
994 1739 1055 1916 colos
1013 1601 1056 1680 ne
994 1297 1059 1542 imbuas
994 1099 1074 1230 [eis
997 828 1078 1040 tuum]
999 461 1083 777 ingenium

1388 1865 1453 2072 Multa
1390 1666 1454 1829 bona
1392 1576 1454 1636 in
1406 1273 1474 1532 pectore
1394 905 1478 1237 [consilia]
1401 527 1465 860 consident

1248 3283 1311 3386 nhil
1267 3124 1330 3249 ego
1249 2927 1311 3088 istos
1249 2634 1313 2885 facetos
1270 2392 1313 2598 moror
1270 2149 1314 2359 mores
1254 1752 1318 2065 Tui-bidos
1257 1472 1339 1695 quibus
1260 1274 1322 1413 boni
1260 1006 1342 1223 [sese]
1260 574 1332 959 dedecor’ant

1119 3306 1180 3456 Meo
1117 3089 1182 3275 modo
1128 2991 1182 3056 et
1117 2684 1180 2961 moribus
1120 2463 1181 2653 uiuito
1117 2159 1202 2433 antiquis
1123 1994 1202 2073 Q·
1143 1841 1208 1965 ego
1126 1698 1188 1808 tibi
1128 1353 1208 1673 praecipio
1148 1249 1192 1324 en
1128 796 1213 1222 [memineris]
1133 552 1197 747 facito

1403 3277 1449 3391 aec
1384 3128 1447 3237 tibi
1384 3028 1446 3082 si
1401 2676 1466 2984 capesses
1404 2492 1448 2631 mea
1385 2173 1474 2448 imperia·

1249 3372 1311 3454 N.

1386 3394 1448 3455 H

985 3338 1049 3456 His
1005 3168 1069 3293 ego
984 3038 1049 3118 de
985 2753 1049 2995 artibus
985 2442 1069 2711 gratiam
987 2230 1050 2398 facio

143 3513 316 3580 Vnde
357 3518 552 3579 simul
595 3516 914 3596 intelliges
957 3530 1072 3575 cur
1099 3531 1160 3572 v.
1184 3508 1312 3572 298
1341 3529 1485 3571 sese
1514 3511 1897 3571 dedecorant
1924 3508 2323 3590 praetulerim

136 3645 307 3707 elteri
362 3646 565 3709 ordini
624 3665 735 3726 per
779 3651 1047 3707 metrum
1106 3661 1230 3704 non
1285 3641 1490 3702 miuus
1552 3637 1884 3703 commodo
1939 3642 2330 3702 dedecorant

137 3793 303 3839 sese.-
368 3789 571 3859 atque
613 3777 758 3839 illuc
801 3783 1058 3856 spectat
1103 3775 1381 3867 foi-tasse
1425 3773 1596 3856 quod
1641 3774 1703 3836 in
1746 3774 1812 3836 A
1856 3782 1959 3836 est
1998 3790 2323 3836 nomsns-

136 3924 499 3975 nnconAsT.
600 3910 775 3972 Idem
837 3917 1049 3970 autem
1107 3906 1260 3970 illud
1320 3909 1381 3969 in
1428 3926 1494 3970 v.
1537 3906 1667 3970 269
1708 3925 1806 3989 sq.
1871 3906 2043 3970 cadit
2087 3905 2322 3967 usitato

138 4040 343 4129 ordine
387 4062 546 4107 sese
590 4045 1022 4125 excipientes:

527 4173 604 4228 SC
619 4182 795 4227 tamen
817 4191 954 4241 quos
974 4177 1201 4226 miseros
1224 4175 1477 4235 [misere]
1517 4172 1760 4233 maleque
1799 4169 1994 4218 habeas

529 4279 682 4346 Quos
746 4280 840 4331 tibi
902 4282 1168 4333 obnoxios
1235 4278 1459 4340 [facile]
1497 4274 1697 4327 fecisti.
