2824 4890
371 357 374 358 ’
446 342 792 409 CCXCIV

444 533 593 587 ante
640 520 997 601 explicatae
1045 518 1339 581 licentiae
1386 517 1655 578 alienum
1701 513 1843 593 fuit,
1888 514 1995 576 vel
2035 513 2115 575 ad
2174 515 2496 576 iambicos
2537 531 2660 594 se·

455 655 780 736 ptenarios
805 696 825 732 ,
872 669 1132 733 quorum
1182 650 1291 710 vix
1351 649 1551 710 minor
1593 665 1783 729 quam
1843 647 2234 708 senariorum
2283 647 2659 709 trochaico-

449 803 718 867 rumque
764 785 1116 848 severitas:
1185 800 1327 846 cum
1381 783 1662 845 neutrius
1704 781 1964 863 generis
2008 783 2302 861 exempla
2347 782 2661 864 Trinum-

449 936 588 982 mus
629 924 930 998 praestet.

1228 1221 1549 1278 can-vl·
1602 1221 1887 1276 xvlu.
1952 1283 1955 1286 ,

633 1462 870 1541 Plana,
934 1459 1242 1541 simplicia
1308 1470 1373 1522 et
1427 1468 1651 1541 aperta
1709 1476 1858 1521 esse
1915 1460 2222 1540 pleraque
2270 1459 2665 1522 intellectum

456 1605 583 1673 est,
630 1601 808 1672 puto,
855 1609 1018 1673 quae
1062 1591 1386 1672 plerisque
1429 1590 1721 1650 omnibus
1748 1589 2045 1671 obscura,
2092 1591 2399 1671 perplexa
2442 1601 2509 1653 et
2551 1612 2663 1653 re·

453 1724 711 1786 condita
753 1722 959 1784 videri
1002 1724 1235 1800 solent,
1283 1723 1628 1803 legumque
1672 1723 2049 1787 certitudine
2093 1725 2254 1805 tegi,
2303 1743 2467 1807 qnae
2512 1729 2663 1809 qui-

458 1830 725 1916 busdam
770 1855 996 1938 vagari
1024 1855 1182 1916 -sine
1222 1854 1495 1917 ratione:
1561 1876 1750 1919 unum
1810 1874 2021 1938 genus
2080 1866 2316 1937 restat,
2381 1857 2550 1938 quod
2598 1868 2662 1920 et

465 1985 1008 2065 impeditissimum
1069 1995 1137 2048 et
1183 1987 1393 2049 multis
1440 1987 1646 2050 modis
1693 1988 2058 2068 ambiguum
2103 2007 2255 2051 esse
2306 1989 2432 2069 ipsi
2486 1990 2664 2055 fate·

462 2136 677 2182 amur:
733 2118 902 2199 quod
950 2118 1203 2200 quidem
1248 2121 1746 2184 canticorum
1797 2120 2407 2202 compositione
2452 2126 2664 2187 conti-

462 2262 664 2314 netur.
750 2252 953 2316 Cuius
996 2245 1119 2317 loci
1164 2263 1339 2318 tanta
1385 2255 1646 2318 ubertas
1696 2267 1795 2319 est
1839 2268 2098 2339 tamque
2140 2278 2339 2339 prope
2387 2261 2663 2340 inexpli—

465 2386 687 2450 cabilis
733 2389 1053 2471 varietas,
1096 2396 1164 2453 ut
1205 2391 1461 2473 ineptus
1502 2392 1587 2454 sit
1629 2393 1733 2474 qui
1765 2393 2102 2474 complecti
2131 2394 2357 2475 paucis
2393 2395 2667 2478 pagellis

467 2521 643 2580 velit.
733 2521 803 2581 ln
846 2522 1018 2583 nulla
1059 2534 1271 2583 autem
1317 2530 1500 2603 parte
1543 2512 2003 2585 emendationis
2036 2524 2372 2586 Plautinae
2416 2545 2524 2588 me
2564 2528 2667 2589 iu-

463 2646 604 2710 dice
644 2647 873 2710 clarius
918 2666 1108 2730 qnam
1153 2648 1213 2710 in
1259 2649 1380 2712 bac
1424 2650 1879 2714 Hermanniani
1925 2652 2166 2733 ingenii
2206 2651 2669 2719 admirabilitas

463 2753 888 2860 exsplenduit.
973 2784 1146 2844 Nam
1190 2802 1337 2847 cum
1382 2786 1526 2866 ipsa
1569 2787 1821 2851 cantica
1863 2788 2156 2851 Plautina
2201 2797 2267 2850 et
2309 2800 2666 2871 temporum

462 2908 684 2971 iniuria
727 2918 794 2971 et
836 2911 1221 2994 negligentia
1264 2917 1696 2999 librariorum,
1741 2919 2021 2983 fortasse
2070 2921 2282 3003 aliqua
2323 2940 2412 2984 ex
2455 2935 2666 3004 parte,

463 3046 531 3101 ut
571 3059 633 3119 p.
662 3058 866 3104 nxvn.
909 3043 1296 3128 significavi,
1343 3050 1533 3111 etiam
1565 3051 1918 3113 criticorum
1946 3052 2201 3115 licentia
2237 3057 2435 3118 multo
2480 3044 2669 3138 quain

332 3192 336 3198 ·
443 3168 967 3249 ceteraegpartes
1011 3172 1198 3252 peius
1242 3174 1457 3238 habita
1501 3181 1667 3259 sint,
1726 3183 1818 3241 ita
1858 3164 1944 3242 'ut
1986 3178 2122 3242 ‘aut
2166 3185 2406 3247 intacta
2466 3188 2672 3249 relin-

460 3319 696 3385 quere,
754 3323 924 3387 quae
982 3317 1207 3388 aperte
1249 3311 1431 3374 aliter
1473 3333 1512 3376 a
1557 3315 1791 3378 Plauto
1830 3318 2064 3400 scripta
2107 3318 2386 3399 fuerint’,
2432 3329 2549 3384 aut
2588 3339 2670 3383 ea

460 3433 558 3495 sic
613 3442 683 3496 ut
744 3453 888 3497 eum
947 3445 1155 3501 semet
1210 3438 1407 3524 digne
1474 3445 1758 3509 scribere
1812 3451 2108 3528 potuisse
2167 3450 2499 3530 probabile
2561 3453 2670 3531 sit,

464 3565 790 3643 corrigere
848 3584 1187 3650 cogamur:
1249 3537 1614 3637 incredibile
1657 3576 1827 3641 dictu
1874 3585 1974 3641 est
2018 3589 2175 3661 quot
2212 3581 2317 3642 ille
2358 3585 2673 3663 carmina,

460 3691 679 3756 rudem
726 3695 1234 3784 indigestamque
1278 3704 1507 3767 molem
1550 3710 1616 3767 in
1662 3706 1992 3770 codicibus
2037 3709 2411 3799 offerentia,
2476 3730 2522 3774 a
2564 3733 2674 3776 re·-

460 3826 850 3890 centioribus
875 3837 1089 3893 autem
1116 3830 1462 3896 editoribus
1482 3835 1852 3920 plerumque
1880 3838 2347 3919 imperitissime
2369 3850 2668 3920 tractata,

458 3957 521 4021 in
566 3959 1041 4025 Elementorum
1103 3964 1259 4027 libro
1312 3966 1598 4029 secundo
1655 3971 1882 4048 partim
1943 3971 2029 4034 ad
2084 3989 2311 4036 sanam
2354 3976 2672 4040 rationem

456 4094 683 4173 partim
742 4095 826 4158 ad
883 4072 1426 4179 elegantissimam
1483 4103 1975 4166 concinnitatem
2033 4106 2464 4168 revocaverit.
2569 4107 2673 4170 Ad

458 4238 646 4302 quam
707 4245 839 4288 rem
899 4246 1038 4289 cnm
1094 4228 1234 4290 aliis
1295 4231 1632 4295 virtutibus
1675 4253 1836 4316 opus
1877 4236 1996 4300 fuit
2038 4240 2429 4305 tum-subtili
2472 4258 2671 4305 sensu
