2824 4890
2137 317 2286 381 cm

173 504 588 566 domicilium
642 510 939 585 quattuor
997 500 1267 584 syllabis
1322 498 1503 562 Milit.
1550 516 1619 576 ιι,
1663 500 1735 572 5,
1768 497 1875 558 41:
1940 506 2011 559 ut
2048 515 2281 569 senex,

168 640 233 697 ita
267 643 733 698 senectutem
776 636 918 716 plus
959 633 1179 695 semel.
1264 632 1544 694 Rursum
1602 630 1686 693 ad
1742 628 1928 691 huius
1984 627 2280 690 vocabuli

166 774 561 836 similitudinem
601 791 860 855 prorsus
889 772 1113 833 rationi
1143 770 1603 832 convenienter
1631 765 2110 838 accommodata
2134 773 2286 826 sunt

148 874 367 983 ‘volup
388 913 645 982 tatem,
703 926 800 967 uo
820 906 1144 965 laniate
1194 901 1419 980 (Τι’ἰιι..
1460 898 1687 978 1166),
1757 896 1851 959 ue
1869 916 2020 958 nus
2039 902 2249 956 tates
2266 939 2286 975 ,

159 1033 292 1098 facta
325 1055 359 1098 a
398 1038 612 1115 volup,
659 1036 916 1109 uolens,
973 1052 1209 1107 uenus,
1258 1050 1421 1113 quae
1471 1029 1592 1091 etsi
1637 1030 1694 1089 in
1743 1044 1930 1088 unam
1974 1023 2285 1105 syllabam

160 1177 393 1249 correpta
430 1165 612 1230 hodie
659 1163 824 1248 quod
848 1164 1046 1226 sciam
1079 1182 1200 1222 non
1231 1167 1518 1239 exstant,
1567 1169 1776 1220 tamen
1807 1154 1908 1216 vel
1941 1159 2286 1235 potuerunt

161 1303 335 1383 corripi
373 1303 471 1363 vel
525 1308 701 1362 certe
757 1315 872 1358 eas
930 1292 1344 1357 condiciones
1401 1292 1697 1371 implent,
1764 1285 1992 1366 quibus
2049 1283 2290 1344 munita

158 1430 412 1511 correptio
453 1438 678 1510 posset
719 1430 784 1488 in
827 1424 1139 1486 derivatis
1185 1420 1446 1483 admitti.
1535 1419 1705 1480 Nam
1751 1416 1857 1498 qui
1891 1414 1953 1475 in
1990 1421 2287 1493 quattuor

157 1564 429 1623 vocabulis
478 1563 601 1623 illis
656 1556 1140 1642 quadrisyllabis
1186 1551 1547 1634 neglectam
1594 1565 1744 1610 esse
1790 1546 2162 1626 positionem
2209 1547 2286 1617 ct,

152 1697 223 1766 pt,
260 1700 330 1768 nl,
365 1701 425 1755 et
462 1694 810 1754 litterarum
854 1685 1281 1764 contendunt,
1326 1701 1409 1743 ne
1453 1681 1611 1741 istos
1658 1677 2043 1759 probabilem
2089 1673 2290 1735 r'atio-

153 1841 261 1885 nem
297 1824 543 1887 reddere
592 1821 921 1901 iubemuS,
982 1837 1096 1879 cur
1141 1816 1327 1878 ionici
1370 1832 1733 1875 mensuram
1781 1828 2094 1891 nunquam
2141 1806 2290 1870 talia

149 1974 390 2047 aequent,
431 1966 644 2049 qualia
686 1969 839 2024 sunt
877 1957 1350 2041 profeant-um,
1398 1960 1785 2034 adeptorum,
1827 1955 2287 2031 yet-undarum,

144 2099 501 2176 facultatem,
549 2102 927 2176 eye-statem,
976 2095 1365 2153 honestalem
1407 2095 1585 2166 (nam
1632 2088 1711 2164 de
1751 2051 2067 2150 velustate.
2097 2086 2293 2149 Poen.

144 2246 231 2309 m,
267 2228 321 2312 3,
358 2231 438 2294 87
478 2230 689 2292 babeo
735 2244 847 2288 cur
887 2242 1277 2306 magnopere
1320 2220 1654 2296 dubitem).
1742 2219 1891 2280 Nec
1931 2214 2286 2278 verendum

147 2369 329 2424 estne
365 2363 500 2445 quis
542 2364 1047 2423 iuventutem
1092 2362 1396 2435 opponat,
1441 2357 1508 2415 in
1555 2371 1680 2432 quo
1710 2358 1966 2432 propter
2007 2349 2295 2428 singu-

146 2488 345 2558 larem
383 2516 418 2555 v
466 2495 812 2556 litterae
854 2497 1218 2551 naturam
1257 2489 1321 2547 in
1356 2503 1542 2545 unam
1579 2482 1817 2563 primae
1850 2479 2139 2560 syllabae
2170 2495 2292 2539 co-

142 2620 387 2684 alescunt
419 2631 487 2686 ut
522 2624 586 2684 in
624 2616 1028 2702 pervulgatis
1067 2615 1187 2677 illis
1224 2631 1498 2674 nauem
1543 2609 1743 2686 (Trin.
1769 2606 1947 2684 835),
1975 2608 2296 2680 boue-⁹⁴0,

172 2925 222 2992 ')
248 2931 678 2993 monosyllabum
730 2927 940 2976 boues
975 2925 1219 2987 praestat
1253 2922 1441 2971 Pseud.
1477 2933 1558 2985 ιιι,
1593 2921 1649 2985 2,
1683 2920 1788 2970 28:
1825 2946 1890 2958 —
1926 2918 2054 2970 item
2088 2917 2215 2969 Aul.
2234 2931 2296 2983 ιι,

246 3030 296 3094 Β,
325 3034 413 3096 57,
446 3033 535 3095 qul
573 3032 656 3081 sic
689 3029 1007 3089 scribendus
1043 3028 1127 3075 est
1162 3036 1269 3074 una
1302 3035 1420 3072 cum
1459 3021 1730 3084 proximo:

360 3129 525 3183 'Asini
565 3125 836 3182 mordiciis
871 3143 953 3178 me
988 3127 1254 3190 scindant,
1290 3116 1456 3174 boues
1491 3123 1765 3172 incursent
1800 3117 2085 3170 cornibus:

361 3236 475 3288 Ηόο
501 3240 812 3301 magnumst
831 3230 1086 3296 periclum
1106 3229 1174 3278 ab
1196 3225 1367 3277 asinis
1388 3239 1468 3274 me
1487 3223 1555 3274 ad
1593 3224 1761 3272 boues
1795 3214 2206 3287 transcendere:
2228 3239 2295 3252 —

244 3332 353 3385 lien
383 3339 530 3387 Pers.
570 3314 632 3399 ιι,
667 3339 725 3397 3,
763 3334 856 3396 10,
893 3331 1103 3381 adiecta
1139 3331 1344 3377 demum
1378 3324 1598 3386 syllaba
1633 3323 1871 3383 integerz

365 3444 500 3517 Narin
550 3458 659 3510 ego
708 3445 811 3495 boc
859 3447 1144 3506 argentum
1194 3436 1329 3487 alibi
1376 3436 1610 3484 abutar:
1662 3421 1828 3481 boues
1875 3439 2010 3489 quos
2055 3392 2298 3486 emerem,

1583 3526 1690 3579 non
1727 3526 1885 3577 erant

248 3654 355 3720 (vel
388 3653 550 3706 Ncim
585 3655 691 3704 hoc
726 3653 1029 3715 arqentum
1065 3645 1225 3711 cyro:
1262 3670 1325 3681 —-·
1362 3642 1592 3705 denique
1615 3639 1871 3690 ‘eiusdem
1917 3648 2119 3687 scenae
2152 3647 2207 3683 v.
2242 3634 2301 3697 7,

251 3770 392 3818 quem
425 3756 507 3806 sic
542 3752 1024 3805 reconcinnamus:

372 3867 507 3916 Nam
561 3860 687 3915 erus
732 3875 888 3912 meus
934 3844 1197 3910 liretrlam
1247 3869 1331 3907 me
1378 3855 1555 3919 misit,
1607 3851 1834 3904 domitos
1878 3850 2047 3899 boues
2095 3848 2154 3893 ut
2200 3838 2301 3890 sibi

1440 3964 1710 4003 mercarer

250 4069 361 4134 (vel
401 4069 556 4122 Νάηι
595 4085 730 4122 erus
765 4067 1132 4132 Eretriam)=
1179 4067 1395 4128 quando
1435 4042 1736 4113 E'Jretriam
1784 4049 2141 4117 pronuntiari,
2190 4059 2302 4098 non

247 4166 579 4232 Eretriam,
628 4173 687 4218 et
717 4168 859 4218 ratio
894 4169 948 4217 et
981 4165 1318 4217 consuetudo
1353 4161 1525 4221 lubet,
1563 4159 1623 4206 ut
1655 4156 1856 4204 factum
1891 4152 1976 4199 est
2007 4161 2071 4212 11,
2105 4149 2164 4211 5,
2197 4146 2302 4196 22:

379 4268 539 4318 Nunc
570 4266 644 4319 mi
673 4250 889 4318 ἐκπίω
923 4263 1185 4341 eritbaec
1216 4256 1313 4311 tua
1342 4260 1548 4309 domus.
1582 4251 1750 4304 Nimis
1769 4246 1836 4349 fu
1865 4249 2033 4300 facete
2053 4241 2306 4331 loqtrero:
