2824 4890
2009 365 2272 431 CXXV

155 541 379 602 recitatio
432 539 717 608 cdchteae
774 551 843 608 in
886 542 1155 612 o'cculto.
1218 582 1296 598 -
1382 543 1491 608 Ad
1534 545 2002 612 similitudinem
2055 544 2272 613 e‘ccum
2361 567 2372 578 ’

153 675 492 754 correptionis
545 698 739 760 prope
797 679 1114 743 accedere
1175 683 1383 744 visum
1436 675 1724 764 e'cquie
1773 699 1916 744 cum
1958 703 2023 745 v.
2064 683 2195 747 870
2234 703 2277 746 a

151 802 293 865 nobis
330 806 615 872 sublatum
662 820 764 873 est
808 819 943 874 tum
989 811 1136 874 alibi
1183 815 1434 876 tolletur
1474 818 1683 877 ascita
1710 819 1904 895 Ecqui
1942 815 2165 876 forma.
2192 847 2275 862 ·--

147 934 259 996 Non
297 938 473 1019 magis
498 951 849 1022 correptum
890 951 996 1006 est
1039 952 1300 1025 atque,
1347 946 1470 1008 nisi
1513 946 1573 1007 in
1618 945 1914 1009 liberiore
1956 952 2160 1007 metro
2204 952 2276 1007 ut

144 1071 318 1154 meet,
335 1071 483 1135 Rud.
502 1094 547 1157 ι,
569 1076 636 1154 4,
654 1076 715 1139 8.
732 1075 979 1140 -Nec
995 1086 1332 1158 propterea
1359 1076 1526 1159 quod
1553 1079 1915 1141 certissima
1937 1090 2088 1142 sunt
2118 1073 2191 1138 ἵε
2203 1084 2277 1141 te

144 1213 191 1267 et
229 1201 337 1269 ἔστ
378 1213 464 1283 (in
506 1210 673 1292 quod
719 1211 844 1274 iam
890 1228 1081 1292 supra
1124 1211 1343 1273 incidit
1384 1214 1585 1275 oratio
1630 1233 1690 1294 p.
1738 1214 1945 1296 exn),
2007 1213 2275 1278 eandem

140 1336 396 1403 licentiam
436 1341 516 1405 ad
557 1342 787 1405 dedis
804 1348 871 1404 ti
909 1344 1291 1425 pertinuisse
1338 1345 1727 1408 credendum
1759 1353 1896 1408 erat
1919 1344 2273 1408 Trinummi

140 1472 379 1533 versibus
422 1471 552 1534 127.
605 1473 755 1535 1²9:

265 1600 553 1667 Dedistiu’
596 1602 979 1687 argentum?
1021 1637 1103 1650 -—-
1144 1602 1420 1667 Factum
1469 1625 1678 1688 neque
1719 1602 1874 1670 facti
1915 1605 2113 1690 piget.

259 1734 568 1802 Dedistine
612 1738 738 1801 hoc
781 1748 968 1821 paeto
1013 1740 1074 1801 ei
1114 1737 1390 1821 gladium
1438 1744 1542 1820 qui
1585 1759 1662 1802 se
1705 1737 2046 1803 occideret.

136 1862 328 1932 Horum
369 1874 524 1936 onim
570 1874 930 1954 posteriore
972 1891 1118 1934 cum
1153 1876 1331 1952 sacto
1355 1873 1440 1934 sit
1477 1873 1537 1933 in
1565 1872 1646 1950 A,
1687 1880 1871 1950 pacto
1896 1872 1957 1933 in
1987 1873 2273 1954 reliquis,

126 1995 397 2075 plurimum
439 2006 908 2086 probabilitatis
954 2006 1148 2068 habet
1193 2025 1230 2067 e
1274 2007 1675 2088 glossemate
1718 2025 1867 2069 esse
1915 2014 2271 2086 utrumque,

123 2127 339 2212 simplici
381 2145 604 2200 autem
650 2139 770 2199 hoc
813 2143 1220 2219 pronomine,
1282 2149 1353 2202 ut*
1408 2141 1531 2202 iam
1576 2139 1844 2203 Bothius
1899 2140 2275 2223 suspicatus

121 2271 226 2344 cst,
276 2277 511 2347 poetam
581 2288 766 2334 usum
833 2289 986 2333 esse
1019 2271 1245 2335 eadem
1290 2273 1534 2335 ratione
1578 2265 1791 2357 paullo
1833 2273 2272 2356 exquisitiore,

122 2413 216 2477 qua
254 2401 412 2466 velut
449 2424 513 2466 v.
537 2402 673 2466 783
715 2402 872 2466 dixit
914 2405 1037 2466 lroc
1078 2410 1504 2485 suspicionem
1550 2410 1627 2470 ab
1653 2409 2058 2469 adulescente
2091 2427 2275 2470 amo-

119 2537 272 2599 uen'e.
344 2536 397 2598 E
441 2540 806 2620 posteriore
865 2548 1074 2601 autem
1131 2558 1324 2602 versu
1380 2540 1682 2603 facillime
1727 2540 2006 2619 irrepere
2051 2543 2114 2601 in
2155 2555 2278 2601 su-

115 2665 373 2739 periorem
412 2692 493 2732 ne
535 2670 846 2752 particula
889 2673 1114 2754 potuit,
1156 2673 1260 2735 ubi
1307 2691 1384 2734 ea
1425 2673 1678 2735 minime
1704 2689 1865 2752 opus
1889 2689 2040 2732 esse
2081 2691 2140 2752 p.
2165 2686 2275 2732 cv.

119 2793 367 2863 diximus.
447 2803 661 2882 Nam,
710 2820 791 2869 ne
835 2802 976 2884 quis
1017 2804 1221 2883 ipsum
1268 2804 1565 2866 Plautum
1593 2811 2007 2883 antestetur,
2053 2804 2279 2866 scien·-

117 2926 231 2993 dum
288 2944 384 2997 est
447 2938 693 3000 nullum
765 2943 1025 2999 exstare
1087 2953 1422 3019 correptae
1483 2943 1716 3001 dedisti
1779 2939 1966 3001 vocis
2030 2947 2277 3001 certum

115 3069 444 3147 exemplum.
491 3072 603 3133 Ac
636 3071 904 3153 primum
932 3089 1195 3152 prorsus
1222 3070 1366 3134 hinc
1389 3070 1795 3153 segreganda
1832 3082 1986 3134 sunt
2026 3068 2172 3134 dedi
2212 3077 2278 3133 et

112 3194 335 3274 dedisse,
383 3221 656 3285 quorum
700 3183 822 3264 hoc
868 3201 1034 3262 nihili
1080 3208 1200 3282 est,
1245 3197 1396 3262 illud
1443 3198 1940 3265 diversissimam
1968 3206 2274 3266 rationem

104 3321 292 3412 habet,
344 3345 648 3398 neutrum
702 3333 815 3405 ad.
843 3332 1308 3396 defendendum
1353 3329 1592 3396 dedisti
1628 3335 1771 3416 plus
1814 3336 2148 3397 valiturum
2194 3333 2281 3396 sit

108 3473 262 3537 quam
299 3476 694 3549 correptum,
736 3467 792 3528 si
838 3465 935 3528 dis
976 3468 1210 3548 placet,
1252 3463 1436 3528 de'di't
1477 3469 1906 3548 quadraeiyinta
1935 3466 2275 3530 Mostella-

103 3595 211 3661 riac
248 3619 345 3685 111,
391 3606 451 3681 1,
500 3604 645 3684 115,
693 3605 796 3685 qui
835 3621 1068 3666 versus
1115 3602 1211 3664 sic
1256 3601 1706 3684 corrigendus:

314 3735 436 3799 Set
476 3733 773 3798 arraboni
812 3735 932 3797 has
971 3730 1156 3795 mnas
1194 3729 1618 3815 quadraginta
1669 3731 1859 3795 dedit.

96 3857 169 3922 Et
205 3872 270 3926 ut
308 3865 433 3928 hac
476 3866 947 3949 opportunitate
992 3867 1180 3929 etiam
1220 3864 1300 3928 ad
1338 3865 1595 3928 ‹leafe-ve
1632 3864 2088 3930 removendum
2115 3871 2277 3939 utar,

95 3990 147 4053 in
186 3997 663 4079 Amphitruonis
703 3999 1001 4062 versibus
1045 4017 1114 4081 11,
1156 3999 1222 4081 2,
1270 3999 1419 4062 129:

163 4114 497 4216 'Obsecro‚
545 4136 823 4225 etiamne
867 4130 992 4197 1160
1034 4133 1327 4216 negabis,
1374 4141 1440 4195 te
1482 4126 1743 4196 auream
1789 4125 2077 4211 pateram
2123 4127 2279 4191 mihi

168 4261 441 4342 Dedisse
491 4264 656 4330 dono
695 4263 910 4349 hodie,
952 4284 1082 4349 qua
1120 4275 1184 4329 te
1226 4263 1357 4329 illic
1395 4261 1702 4329 donatum
1739 4280 1891 4328 esse
1933 4258 2228 4330 dixeras:
