2824 4890
558 384 853 455 XXXVI

722 572 1073 633 Praeterea
1130 555 1231 625 R
1292 556 1562 619 litteram
1632 545 1964 610 sciendum
2023 553 2126 606 est
2184 559 2306 603 nec
2366 538 2590 620 scripti
2657 554 2764 600 nec

551 702 851 786 impressi
894 695 1030 761 libri
1073 691 1339 756 indicem
1385 703 1559 764 esse,
1605 680 1721 744 sed
1770 697 1953 741 meae
1995 678 2368 757 scripturae.
2456 671 2674 750 Quam
2715 670 2765 732 si

557 837 749 899 etiam
820 830 1048 895 talibus
1110 798 1443 906 aliquoties
1505 813 1819 897 apposui,
1885 828 2051 891 quae
2119 825 2263 870 cum
2324 803 2568 887 pridem
2629 820 2766 865 mea

554 967 921 1030 coniectura
984 956 1421 1029 invenissem,
1478 955 1707 1029 postea
1763 943 1842 1005 ab
1900 942 2040 1004 aliis
2101 957 2353 1020 quoque
2409 936 2768 1016 excogitata
2823 940 2824 973 z

552 1104 704 1185 vidi,
754 1120 878 1162 non
919 1096 981 1160 id
1027 1094 1148 1156 alio
1194 1088 1455 1153 consilio
1501 1083 1649 1164 feci,
1697 1081 1813 1143 nisi
1858 1077 2026 1162 quod
2074 1077 2348 1157 aliquam
2396 1072 2587 1135 iidem
2640 1091 2762 1159 ve7

547 1236 752 1302 ritatis
794 1232 1032 1295 habere
1077 1222 1487 1303 complurium
1531 1231 1887 1280 consensus
1924 1213 2107 1275 solet.
2710 1170 2737 1194 ⁹

2789 1354 2824 1409 0

1416 1487 1743 1544 CAPUT
1776 1486 1902 1540 lv.

730 1668 876 1730 Dixi
919 1665 999 1728 de
1045 1672 1312 1725 externa
1360 1659 1654 1721 librorum
1688 1654 2114 1718 Plautinos-um
2161 1649 2567 1714 condicione:
2613 1666 2761 1729 pro-

563 1796 977 1881 grediendum
1023 1803 1123 1855 est
1180 1791 1259 1853 ad
1317 1807 1536 1851 eorum
1597 1787 1868 1849 indolem
1933 1793 2316 1864 mutuasque
2375 1781 2666 1842 rationes
2709 1788 2766 1839 et

559 1940 1014 2004 successiones
1059 1928 1494 2013 explicandas,
1579 1924 1725 2003 Quo
1770 1925 1857 1984 ita
1903 1922 2242 2004 defungar,
2291 1931 2361 1981 ut
2407 1937 2574 1999 quae
2618 1917 2760 1978 olim

555 2095 695 2141 cum
744 2063 845 2134 ‘de
891 2070 1039 2132 crisi
1085 2059 1392 2129 Plautina'
1440 2061 1762 2140 disputavi
1787 2055 1865 2131 θ)
1921 2066 2050 2118 tum
2111 2056 2171 2117 in
2226 2054 2620 2136 praefatione
2685 2049 2758 2113 ad

558 2206 920 2274 Bacchides
960 2204 1144 2267 Halis
1187 2172 1806 2263 &W
1858 2190 2062 2252 editas
2117 2187 2386 2269 exposui
2445 2193 2581 2246 tum
2627 2185 2763 2249 aliis

558 2340 937 2425 quibusdam
998 2336 1156 2400 locis
1214 2331 1427 2411 attuli,
1500 2325 1681 2389 brevi
1748 2322 2144 2385 enarratione
2201 2315 2758 2399 comprehendam,

558 2476 679 2540 sed
737 2493 816 2537 ea
873 2481 1021 2553 post
1064 2477 1156 2532 tot
1201 2463 1617 2529 bibliothecas
1682 2455 2161 2540 pervestigatas
2217 2451 2428 2513 multis
2482 2451 2763 2531 partibus

494 2615 499 2620 ’
555 2610 663 2672 vol
719 2614 1009 2671 correcta
1059 2602 1164 2664 vel
1212 2596 1640 2679 locupletatat
1690 2588 2162 2673 praetermissis
2204 2596 2413 2649 tamen
2458 2603 2623 2667 quae
2663 2597 2765 2646 aut

554 2741 805 2804 leviora
851 2737 1192 2799 videantur
1235 2739 1345 2793 aut
1392 2729 1455 2791 in
1500 2725 1690 2787 dubia
1735 2723 2102 2785 coniectura
2137 2721 2369 2801 posita,
2416 2709 2602 2780 cuius
2655 2717 2763 2779 fir-

559 2873 831 2939 mandae
877 2871 1256 2934 documenta
1310 2864 1607 2947 quamvis
1664 2878 1979 2944 quaerens
2034 2861 2198 2922 nulla
2251 2857 2672 2940 reppererim:
2732 2876 2765 2918 e

560 3025 687 3091 quo
732 3021 973 3089 genere
1026 3001 1198 3061 velut
1258 2994 1405 3058 illud
1455 3004 1558 3057 est
1613 2993 1694 3055 de
1741 2993 2101 3056 Romano
2168 2991 2391 3053 codice
2438 2992 2788 3053 Lenaeus
2811 3045 2824 3086 ἢ

552 3139 728 3224 quod
773 3138 1033 3218 Parerg.
1075 3152 1134 3214 1,
1179 3150 1237 3212 p.
1280 3130 1407 3192 404
1452 3133 1666 3189 annot.
1709 3124 1906 3204 tetigi.
1994 3122 2086 3183 Vt
2139 3131 2388 3202 autem,
2455 3123 2688 3204 quibus
2729 3141 2765 3182 e
2803 3117 2824 3220 ⁴

552 3276 835 3341 fontibus
874 3289 987 3353 per
1031 3283 1191 3350 quos
1234 3272 1530 3344 tanquam
1579 3258 1819 3320 rivulos
1851 3256 2150 3318 memoria
2177 3257 2381 3317 omnis
2408 3257 2764 3333 scripturae

558 3409 892 3476 Plautinae
937 3420 1054 3483 per
1097 3398 1492 3461 saeculorum
1538 3387 2017 3453 vicissitudines
2058 3386 2140 3449 ad
2171 3396 2453 3449 nostram
2483 3395 2764 3448 aetatem

585 3641 649 3705 ¹⁸¹)
686 3640 885 3690 Eodem
923 3648 1030 3697 quo
1065 3633 1212 3682 illam
1249 3643 1354 3695 ego
1391 3627 1894 3679 commentationem
1910 3614 2127 3676 elimavi
2161 3601 2764 3676 annom

679 3739 1000 3803 ‘symbolas
1046 3737 1113 3786 ad
1152 3734 1430 3784 historiam
1477 3725 1818 3793 philologiae'
1850 3741 1979 3777 suas
2015 3730 2090 3775 lo.
2129 3728 2336 3791 caspar
2370 3727 2614 3777 Orellius
2646 3724 2764 3776 edl-

688 3842 765 3893 dit
810 3841 1094 3902 Basileae,
1145 3837 1334 3903 quibus
1384 3833 1583 3885 codicis
1620 3845 1654 3881 a
1689 3831 1919 3881 Nicolao
1966 3829 2289 3879 'treverensi
2336 3828 2539 3890 reperti
2589 3828 2763 3877 inter-

689 3950 955 3996 mortuam
1008 3940 1314 3990 memoriam
1371 3937 1497 3987 item
1543 3949 1572 3984 e
1620 3933 1812 3998 Poggii
1865 3931 2112 3994 epistulis
2164 3929 2575 3991 redintegravit.
2653 3926 2760 3975 Sed

685 4062 824 4114 quae
861 4048 932 4098 lbi
973 4047 1074 4109 μθ
1111 4036 1177 4093 ἀὲ
1211 4040 1435 4104 reliquis
1471 4038 1627 4088 libris
1671 4044 1727 4086 et
1759 4034 1982 4096 scriptis
2017 4038 2070 4081 et
2102 4031 2379 4093 impressis
2416 4027 2662 4077 narravit
2699 4038 2766 4075 ne

683 4151 1046 4201 Palatinarum
1084 4145 1291 4208 quidem
1332 4142 1577 4193 codicum
1613 4139 1877 4189 rationem
1914 4135 2148 4196 babens,
2183 4141 2421 4194 quaeque
2457 4131 2525 4178 de
2563 4128 2763 4177 funda·

685 4253 878 4303 mentis
911 4261 1207 4311 normaque
1244 4246 1505 4297 universa
1541 4238 1875 4295 instaurandi
1899 4237 2080 4288 Plauti
2105 4232 2405 4297 praecepit,
2441 4242 2632 4280 eorum
2654 4237 2759 4277 nec

682 4355 813 4404 tides
847 4362 932 4404 est
967 4365 1065 4403 nec
1102 4351 1324 4400 utilitas.
