2824 4890
462 342 623 409 XIV

472 525 687 592 denda
716 519 1005 599 Stichus,
1050 530 1243 577 nemo
1284 507 1493 570 nescit
1533 503 1625 563 ita
1668 497 1921 562 mutilas
1966 509 2143 575 csse,
2187 503 2259 558 ut
2296 489 2533 575 integri
2563 489 2668 552 vel

475 670 664 728 actus
702 656 807 720 vel
846 669 1087 716 scenae
1130 638 1599 711 interciderint,
1642 632 1784 695 sine
1829 628 2058 712 quibus
2100 645 2188 689 ne-
2221 625 2486 709 intelligi
2533 621 2673 705 qui-

480 797 622 861 dem
670 806 834 854 nunc
876 779 1230 879 argumenti
1272 770 1657 837 continuitas
1684 774 1749 827 et
1774 761 2134 844 complexio
2164 759 2384 841 possit.
2433 758 2679 821 Contra

490 1196 640 1279 quin
701 1193 763 1255 in
823 1204 903 1250 ea
960 1178 1149 1245 hodie
1210 1170 1582 1253 reperiatur.
1686 1162 1891 1241 Quam
1955 1156 2234 1221 fabulam
2307 1153 2434 1216 etsi
2497 1152 2690 1214 talem

499 1330 707 1415 qualis
751 1324 1054 1404 vulgatur
1103 1311 1386 1396 plerique
1442 1321 1565 1365 non
1608 1291 2009 1362 incommode
2052 1288 2533 1363 lectitavimus,
2592 1293 2694 1342 ta-

505 1482 650 1528 men
694 1459 801 1520 illa
843 1468 1031 1534 quam
1086 1438 1452 1527 significavi
1510 1437 1622 1494 via
1674 1446 1756 1492 ac
1813 1425 2053 1489 ratione
2110 1415 2541 1483 demonstrari
2581 1432 2699 1495 po-

498 1607 630 1662 test
674 1605 905 1671 reapse
948 1582 1107 1647 satis
1151 1581 1518 1641 lacunosum
1566 1585 1736 1630 esse.
1825 1563 1920 1624 Vt
1962 1568 2171 1622 autem
2220 1556 2280 1617 in
2323 1552 2702 1616 subducen-

505 1730 601 1792 dis
643 1724 907 1789 calculis
950 1731 1124 1779 error
1183 1702 1530 1784 caveatur,
1589 1694 1865 1761 tenenda
1921 1692 2043 1755 tria
2091 1697 2277 1763 sunt,
2334 1685 2414 1748 de
2469 1683 2704 1766 quibus

511 1865 633 1924 iam
695 1856 839 1918 olim
900 1842 1254 1915 commonui
1315 1839 1578 1917 Parerg.
1626 1851 1681 1912 ι,
1741 1850 1800 1911 p.
1846 1827 2011 1889 441:
2074 1822 2380 1905 primum,
2452 1834 2708 1880 summa

526 2258 716 2325 modo
759 2270 870 2317 xx.
915 2244 1221 2322 versus):
1277 2239 1575 2304 alterum,
1633 2227 1914 2290 binorum
1957 2236 2263 2282 versuum
2307 2217 2528 2296 spatio
2578 2232 2724 2295 per.

528 2402 831 2454 sonarum
885 2372 1241 2441 nominibus
1299 2363 1756 2427 destinatorum
1819 2348 2108 2432 singulas
2159 2346 2321 2408 inter
2366 2362 2444 2409 sc
2483 2360 2726 2407 scenas

530 2515 834 2587 discerni:
880 2509 1161 2587 tertium,
1206 2518 1347 2565 cum
1392 2492 1633 2558 codicis
1675 2487 1972 2551 versibus
2002 2490 2234 2566 poetae
2259 2494 2498 2541 versus
2529 2496 2730 2541 exae-

534 2652 717 2739 quari
765 2649 825 2711 in
869 2640 1158 2709 iambicis
1203 2629 1424 2695 scenis
1456 2629 1525 2701 δι)
1549 2669 1569 2708 ,
1616 2630 1834 2686 contra
1878 2613 2280 2699 septenarios
2321 2630 2452 2675 non
2477 2626 2732 2692 -pauoos

2749 2937 2755 2966 l

580 3001 644 3060 ²¹⁶)
686 2997 856 3048 Huius
906 2989 1045 3042 enim
1093 2996 1314 3036 normae
1362 2979 1647 3030 veritatem
1695 2979 1748 3024 et
1796 2971 1901 3022 vim
1949 2961 2388 3033 argumentandi,
2444 2959 2541 3023 qui
2591 2954 2739 3020 sapit„

681 3107 788 3160 non
825 3087 1044 3152 infringi
1080 3099 1147 3136 co
1187 3079 1449 3145 perspicit,
1485 3077 1626 3141 quod
1667 3073 1770 3123 bis
1806 3076 2012 3122 terve
2046 3066 2101 3115 in
2137 3066 2221 3115 tot
2254 3058 2472 3110 milibus
2500 3064 2738 3106 ver-suun

681 3194 843 3245 etiam
888 3190 958 3239 ad
1003 3182 1250 3235 senarios
1299 3180 1428 3230 talis
1476 3173 1670 3226 divisio
1726 3166 2003 3234 pertinuit.
2069 3165 2195 3214 Non
2238 3156 2422 3220 magis
2459 3167 2574 3205 nos
2620 3147 2742 3214 rugii

681 3304 962 3349 scenarum
1016 3283 1419 3347 inscriptionem
1472 3276 1761 3340 aliquando
1819 3268 1981 3321 unius
2035 3267 2241 3315 tantum
2293 3266 2493 3306 versus
2553 3251 2741 3303 ambitu

689 3389 989 3453 contineri,
1043 3393 1103 3437 ut
1144 3384 1311 3447 ipsius
1349 3375 1643 3430 Trinummi
1682 3370 1869 3421 initio:
1921 3376 2111 3415 verum
2159 3370 2262 3408 nec
2316 3353 2544 3405 omnino
2583 3351 2651 3401 ab
2685 3346 2748 3396 eis

690 3505 829 3558 quae
864 3493 1081 3553 praeter
1115 3493 1312 3532 morem
1349 3477 1503 3539 fiunt,
1538 3473 1632 3522 sed
1668 3470 1734 3518 ab
1769 3465 1849 3515 eis
1884 3474 2021 3526 quae
2058 3460 2121 3507 de
2156 3468 2327 3516 more,
2361 3452 2510 3502 iusta
2545 3443 2748 3498 ratioci-

700 3590 846 3641 natio
884 3580 1288 3651 proficiscitur,
1337 3586 1441 3625 nec
1488 3572 1541 3621 in
1590 3570 1694 3618 hae
1742 3575 1879 3627 quae
1929 3557 2111 3622 agitur
2160 3564 2362 3602 caussa
2406 3548 2578 3599 alian
2637 3545 2700 3596 nl

697 3691 905 3752 ipsum,
941 3684 988 3734 si
1021 3678 1271 3742 cupidius
1307 3671 1527 3723 tantilla
1561 3681 1618 3716 re
1654 3669 1958 3720 uteremur,
1996 3654 2103 3702 vim
2139 3651 2388 3712 haberet,
2425 3646 2531 3696 nisi
2568 3650 2632 3694 ut
2665 3655 2696 3691 n

699 3785 1043 3844 debilitaret,
1094 3777 1189 3827 sed
1225 3770 1576 3823 confirmaret
1610 3754 2130 3825 argumentationem
2167 3754 2442 3798 nostr-anit
2497 3753 2629 3792 nam
2665 3755 2694 3801 q

757 3886 770 3897 ·
914 3877 1079 3942 spatii
1112 3866 1554 3934 inscriptionibus
1602 3858 1951 3918 conceditur,
2005 3857 2158 3908 tanto
2204 3848 2328 3911 plus
2375 3845 2646 3896 versuum
