2824 4890
2058 369 2277 434 laxm

134 560 317 638 vovit,
372 578 405 622 e
443 560 697 640 quibus,
757 556 906 639 quid
948 555 1319 637 scripsisset
1359 556 1664 634 Plautus,
1727 556 1862 617 erui
1909 555 2272 619 coniectura

134 702 348 773 posset,
386 702 451 755 ut
487 712 552 757 v,
589 693 716 755 522
755 698 1133 769 arqumenta
1175 711 1259 754 ex
1302 709 1735 772 Ausonum,
1792 710 1856 753 v,
1898 690 2025 752 252
2063 697 2270 754 nesti-

138 827 276 904 plica
311 844 344 887 e
382 842 756 888 uasrrsch
818 824 1048 887 collata
1089 824 1472 907 reliquorum
1539 825 1841 888 memoria
1892 826 2276 904 uestisplioe,

130 963 426 1039 nestiplice.

312 1095 434 1160 Sed
499 1115 684 1177 quam
753 1104 881 1157 tam
941 1095 1277 1159 luculentis
1348 1095 1752 1160 documentis
1810 1096 2264 1178 praestantiam

135 1224 479 1288 Ambrosiani
523 1225 766 1288 codicis
824 1228 988 1289 satis
1047 1225 1529 1290 demonstrasse
1575 1229 1841 1308 videor,
1898 1246 2040 1290 eam
2098 1227 2268 1289 idern

131 1358 280 1434 probe
319 1359 595 1443 intelligo
639 1379 762 1420 non
810 1364 1113 1422 continuo
1159 1362 1369 1441 ipsius
1417 1361 1805 1423 recensionis
1847 1360 2107 1423 bonitati
2153 1360 2273 1423 tri-

132 1485 377 1550 buendam
422 1507 619 1552 esset
681 1490 870 1551 immo
914 1487 1308 1572 largiendum
1352 1497 1456 1550 est
1496 1491 1632 1571 pari
1658 1483 1780 1552 'vel
1826 1491 1991 1554 adeo
2034 1492 2273 1554 maiore

134 1616 357 1683 bonitate
397 1624 692 1702 potuisse
736 1621 1032 1704 calliopii
1074 1620 1511 1685 recensionem
1557 1639 1723 1685 esse.
1810 1622 2058 1684 Verum
2101 1622 2163 1684 id
2208 1631 2279 1685 ut

125 1749 193 1812 ita
229 1771 433 1835 reapse
478 1773 632 1817 esse
677 1755 1099 1818 demonstrari
1145 1754 1412 1836 nequit,
1474 1754 1564 1817 ita
1617 1754 1857 1817 tamdiu
1915 1758 2146 1818 nullum
2191 1756 2271 1819 ad

122 1885 526 1949 emendandum
576 1906 763 1951 usum
798 1888 1028 1969 habet,
1074 1889 1371 1971 quamdiu
1416 1907 1578 1971 non,
1635 1892 1844 1972 qualis
1884 1889 2135 1953 tandem
2181 1908 2267 1953 ea

118 2019 365 2081 recensio
430 2022 622 2085 fuerit
650 2066 670 2103 ,
743 2022 939 2085 libera
999 2027 1322 2087 etiamtum
1388 2042 1429 2086 a
1490 2026 1887 2086 saeculorum
1952 2024 2273 2106 sordibus,

117 2152 363 2228 supparis
418 2154 657 2217 aetatis
712 2154 994 2234 locuples
1051 2156 1232 2217 testis
1294 2174 1414 2218 nos
1468 2156 1781 2221 edoceatx
1836 2156 2042 2238 qualis
2100 2157 2156 2218 si
2210 2146 2275 2219 in

116 2295 364 2366 promptu
393 2296 601 2367 esset,
647 2288 1058 2369 integram
1104 2289 1286 2352 nobis
1314 2290 1606 2372 Calliopii
1636 2309 1890 2372 operam
1919 2299 2278 2372 praestans,

116 2431 214 2478 uon
251 2436 561 2501 negamus
620 2437 763 2482 eam
818 2436 937 2481 nos
981 2418 1359 2483 fortasse
1401 2440 1556 2503 prae
1599 2422 2003 2484 Ambrosiani
2045 2437 2280 2483 recen-

123 2551 265 2613 sione
304 2565 646 2617 secuturos
694 2570 864 2614 esse.
910 2553 1041 2614 'At
1089 2572 1250 2615 vero
1294 2562 1688 2635 quantopere
1730 2552 1811 2615 de
1853 2553 2115 2634 pristina
2156 2551 2281 2614 bo-

117 2681 274 2745 nitate
297 2686 588 2768 Calliopii
633 2684 918 2746 recensio
963 2702 1087 2746 non
1129 2687 1404 2765 potuerit
1448 2705 1569 2747 non
1614 2685 2030 2768 degenerare,
2074 2684 2281 2746 aesti-

124 2823 246 2882 mari
283 2844 317 2886 e
354 2827 553 2905 longe
600 2823 838 2885 minore
891 2821 1197 2902 temporis
1251 2820 1586 2883 intervallo
1639 2827 1855 2901 potest
1906 2816 2073 2901 qnod
2121 2819 2283 2880 inter

124 2950 217 3014 011
251 2963 308 3018 et
350 2960 409 3019 B
449 2956 862 3019 intercessit:
930 2973 1197 3036 quorum
1241 2953 1349 3015 hic
1390 2963 1506 3015 aut
1542 2955 1788 3016 illorum
1832 2952 2284 3015 additamentis

123 3099 295 3170 earet,
335 3101 397 3153 ut
439 3109 503 3153 v.
558 3089 687 3152 263
726 3095 930 3165 enirn,
998 3098 1110 3151 aut
1153 3087 1395 3149 lacunis
1441 3086 1549 3148 vel
1596 3086 1935 3147 levioribus
1977 3093 2050 3146 ut
2090 3103 2154 3146 v.
2204 3083 2286 3145 10

123 3215 267 3307 (ea),
314 3227 403 3288 14.
457 3228 543 3289 15
586 3220 772 3308 (ei),
828 3224 935 3285 vel
980 3221 1398 3301 complurium
1445 3219 1895 3280 vocabulorum
1939 3225 2009 3279 ut
2049 3237 2111 3277 v.
2149 3215 2281 3279 292

120 3369 246 3428 quos
282 3360 700 3429 conlaudant,
769 3353 877 3416 vel
928 3352 1094 3415 adeo
1153 3353 1547 3432 integrorum
1591 3367 1892 3410 versuum
1941 3347 2083 3409 322.
2125 3346 2285 3426 904,

121 3496 209 3545 aut
242 3486 409 3551 falsis
465 3486 1062 3569 transpositionibus
1127 3493 1197 3547 ut
1239 3501 1304 3548 v.
1345 3485 1388 3545 6
1422 3488 1702 3561 primum
1740 3486 1973 3561 ἱρέων,
2042 3479 2121 3542 18
2160 3498 2313 3586 no-¹

121 3637 233 3681 men
267 3645 484 3700 praece
496 3670 519 3700 ,
587 3624 715 3687 215
754 3625 967 3688 uerbis
1024 3640 1243 3680 eorum
1253 3663 1278 3694 ,
1339 3618 1467 3681 287
1517 3619 1632 3680 tiln·
1685 3624 1875 3678 canto
1888 3661 1911 3695 ,
1980 3615 2107 3679 366
2139 3636 2288 3679 esse

119 3770 399 3839 conadae,
457 3764 587 3829 392
624 3785 739 3844 eqo
778 3771 880 3840 ut,
944 3761 1069 3825 458
1112 3763 1228 3822 tibi
1269 3761 1603 3837 respondi,
1663 3757 1789 3819 463
1829 3760 1943 3819 tibi
1978 3761 2282 3840 effodiam,

118 3889 223 3955 ⁷55
256 3901 453 3975 ipsam
505 3918 676 3972 rem,
739 3906 849 3961 aut
907 3895 1051 3959 aliis
1107 3893 1491 3974 corruptelis
1550 3899 1618 3953 ut
1658 3911 1720 3951 v,
1756 3890 1883 3953 223
1937 3890 2134 3951 simul
2175 3903 2287 3969 pro

119 4032 318 4106 tinnitu,
362 4032 488 4096 539
516 4034 876 4113 fiaelqurt'tae
916 4050 1030 4112 pro
1065 4031 1298 4108 fulqter
1336 4032 1444 4098 ita,
1494 4046 1574 4087 ne
1617 4042 1786 4087 nunc
1828 4025 2010 4104 plura
2058 4039 2287 4085 cumu-

121 4153 255 4223 lem
305 4164 528 4244 quibus
571 4163 882 4245 exemplis
921 4163 1213 4227 omnibus
1253 4170 1326 4223 ut
1363 4162 1509 4222 aliis
1550 4159 1762 4221 multis
1804 4175 1991 4220 unum
2032 4157 2288 4221 bonita-

123 4288 190 4354 tis
226 4307 575 4363 consortem
617 4299 833 4365 Vetus
877 4298 981 4362 ille
1025 4298 1232 4379 ipsum
1274 4291 1764 4357 Ambrosianum
1814 4291 2023 4356 habet.
2108 4292 2287 4374 Ergo
