2824 4890
2318 336 2416 398 x!

211 530 603 605 punctorum·
648 520 817 584 aliud
862 537 1076 605 genus
1118 522 1259 603 ipsa
1304 522 1506 586 forma
1552 521 1853 598 discrevi,
1894 540 2021 604 quo
2044 522 2183 602 ipse
2225 519 2423 584 libra-

210 659 351 718 rius
394 662 468 717 ut
508 651 960 735 compendium
1006 654 1364 734 scripturae
1408 651 1655 717 faceret
1713 671 1868 716 usus
1917 661 2055 730 est,
2115 662 2183 715 ut
2229 672 2291 714 v.
2333 652 2420 715 92

215 803 358 857 Am
384 802 402 819 ·
454 794 520 847 et
575 800 879 854 Animosa
908 800 921 816 ·
948 800 1290 848 onoscmu:
1316 830 1332 858 ‚
1388 782 1540 845 item
1596 795 1753 855 nno·
1797 802 1860 844 v.
1904 780 2051 843 205.
2093 778 2236 844 352.
2279 777 2423 843 377.

217 918 646 995 ρυιτο·,855.
731 919 903 982 Nam
948 927 1204 1000 praeter
1249 918 1373 979 hoc
1412 918 1614 1000 ipsum
1664 935 1793 988 our:
1838 917 2253 998 parcissimus
2300 915 2425 993 ille,

218 1062 296 1117 ut
335 1064 444 1117 est
483 1059 1017 1127 consentaneum,
1077 1048 1585 1130 compendiorum
1639 1049 1790 1129 fuit,
1853 1065 1976 1110 nec
2017 1049 2152 1110 fere
2194 1048 2428 1110 huius·-

220 1187 397 1252 modi
462 1189 527 1251 in
594 1186 958 1252 Trinummo
1025 1187 1362 1270 quicquam
1416 1195 1648 1251 exstat
1711 1194 1966 1268 praeter
2020 1183 2073 1250 15⁴
2130 1205 2242 1268 pro
2299 1202 2428 1248 uon

222 1340 292 1383 v.
331 1319 465 1384 308
508 1326 574 1382 et
611 1318 891 1382 fortasse
934 1311 1274 1381 cAMPANff
1314 1337 1377 1379 v.
1421 1317 1561 1380 545.
1650 1318 1745 1381 Vt
1785 1327 2023 1396 autem,
2068 1336 2230 1401 quae
2259 1336 2428 1380 eva-

221 1459 504 1517 nuerunt
565 1451 856 1533 litterae,
927 1449 1117 1514 etiam
1173 1460 1304 1532 q'ua
1365 1449 1505 1511 fere
1567 1467 1863 1514 mensura
1927 1461 2149 1515 essent
2214 1452 2427 1535 aliqua

221 1593 406 1651 certe
449 1592 765 1666 exparte
805 1582 1268 1667 significarem:
1315 1587 1492 1659 (nam
1537 1591 1909 1646 constanter
1948 1584 2073 1647 hoc
2113 1583 2250 1646 fleri
2282 1586 2432 1666 plu-

228 1718 431 1782 rimas
471 1717 557 1779 ob
598 1732 873 1780 caussas
919 1735 1045 1780 non
1101 1718 1380 1796 potuitt)
1436 1715 1562 1778 hac
1615 1725 1766 1779 nota
1813 1719 1833 1777 l
1882 1734 1997 1780 eas
2047 1718 2292 1782 litteras
2332 1721 2431 1781 si-

224 1849 450 1933 gnavi,
498 1867 666 1932 quae
706 1865 852 1911 cum
873 1867 1002 1912 una
1025 1847 1256 1911 lineola
1276 1850 1782 1930 perpendiculari
1806 1858 2126 1933 constent,
2174 1851 2428 1914 exilium

230 1982 495 2061 apicum
549 1977 910 2043 adiectione
962 1979 1127 2042 inter
1183 1996 1259 2042 se
1318 1978 1638 2044 discretae
1663 2024 1681 2058 ,
1738 1985 1989 2063 possint
2047 1983 2158 2045 vel
2197 1985 2243 2045 Ι
2280 2001 2433 2045 esse

229 2110 343 2172 vel
384 2111 457 2171 E
494 2088 602 2173 vel
648 2110 705 2171 T
733 2111 840 2172 vel
883 2107 981 2171 F.-
1023 2127 1062 2171 a
1105 2127 1369 2191 quarum
1406 2108 1813 2172 similitudine
1852 2128 2099 2174 summa
2147 2112 2433 2193 proxime

231 2244 303 2308 P
337 2242 550 2308 littera
556 2287 583 2318 ,
651 2244 864 2326 aliquo
920 2243 1252 2307 intervallo
1307 2246 1370 2306 B
1417 2253 1484 2307 et
1528 2246 1594 2315 D
1636 2244 1910 2325 absunt,
1969 2245 2162 2329 longe
2218 2255 2434 2309 autem

234 2375 651 2460 amplitudine
709 2393 831 2441 sua
882 2378 1063 2440 velut
1106 2378 1203 2457 A,
1260 2380 1338 2441 H
1394 2378 1603 2456 (cuius
1654 2388 1959 2442 constans
2015 2380 2182 2443 haec
2233 2381 2439 2444 forma

236 2519 346 2575 est
386 2513 509 2593 K),
558 2512 641 2588 U,
687 2514 769 2588 R,
820 2510 880 2587 Q
922 2511 1205 2593 distant,
1248 2510 1504 2594 longius
1547 2511 1734 2574 etiam
1775 2513 1862 2576 M
1894 2520 1959 2577 et
1995 2515 2081 2576 N.
2171 2514 2270 2576 De
2313 2531 2438 2595 quo

235 2650 364 2714 iam
427 2647 643 2712 monui
705 2647 1035 2729 Pan-ergon
1098 2647 1533 2710 plautinorum
1594 2656 1746 2711 tom.
1790 2665 1850 2724 ι,
1892 2666 1952 2728 p.
1993 2646 2137 2710 284.
2195 2658 2439 2732 annot„

242 2780 635 2863 explicatius
673 2786 887 2842 autem
930 2778 1166 2860 dicam,
1207 2776 1315 2839 ubi
1344 2777 1751 2843 Ambrosiani
1777 2779 2016 2845 codicis
2060 2787 2440 2865 scripturam

236 2914 542 2996 ‚exemplo
584 2909 972 2993 lithographi
1014 2917 1155 2973 arte
1192 2908 1366 2973 facto
1393 2908 1754 2995 declarabo,
1802 2911 1986 2995 quale
2011 2913 2131 2975 iarn
2153 2915 2446 2997 Angelus

236 3045 462 3110 Maius
516 3042 715 3107 edidit
765 3042 853 3107 ad
906 3042 1363 3107 emendandum
1406 3044 1708 3107 Plautum
1766 3044 2188 3108 utilissimum.
2272 3047 2444 3108 Hinc

246 3179 420 3242 enim
464 3186 599 3256 est,
641 3184 709 3239 ut
747 3190 925 3238 nunc
969 3174 1265 3257 exemplo
1309 3182 1555 3239 tantum
1595 3183 1772 3257 utar,
1821 3175 1992 3258 quod
2033 3177 2097 3240 in
2138 3177 2449 3243 Palatinis

242 3307 449 3389 libris,
493 3306 603 3388 qui
642 3327 682 3368 e
724 3305 953 3372 similis
988 3305 1351 3389 scripturae
1393 3304 1618 3370 codice
1641 3314 2003 3390 manarunt,
2046 3310 2229 3372 velut
2256 3309 2450 3372 lintre

247 3443 566 3528 reperitur
600 3463 721 3525 pro
759 3449 789 3505 ι·
824 3448 994 3506 intro
1035 3463 1097 3506 v.
1138 3441 1221 3523 3,
1282 3444 1489 3504 lmodo
1549 3456 1661 3523 pro
1718 3446 1745 3501 i
1782 3443 1962 3503 modo
2008 3461 2072 3504 v.
2115 3441 2257 3508 583.
2301 3442 2449 3524 587,

244 3578 323 3652 ln
359 3595 479 3658 pso
528 3580 603 3639 iu
639 3594 702 3637 v.
742 3574 900 3642 651:
956 3576 1109 3640 hinc
1162 3575 1310 3639 illud
1370 3595 1628 3660 quoque
1681 3577 1876 3640 multo
1919 3576 2188 3659 gravius
2248 3575 2447 3659 quod,

250 3727 397 3775 cum
440 3711 816 3792 plerumque
858 3729 943 3772 ne
1001 3713 1066 3772 in
1111 3708 1538 3772 Ambrosiano
1592 3710 1837 3793 quidem
1881 3713 1926 3772 Ι
1959 3719 2025 3773 et
2067 3712 2137 3773 E
2177 3711 2453 3774 discerni

251 3846 545 3927 possint,
589 3843 1003 3926 perexiguam
1046 3844 1291 3908 illorum
1334 3844 1635 3906 librorum
1678 3861 1829 3906 esse
1872 3842 2064 3908 fidem
2113 3843 2456 3922 consequi-

248 3991 357 4047 tm·
408 3980 492 4046 ad
544 3979 885 4046 tesundas
937 3980 1452 4052 accusativos-um
1504 3981 1746 4043 formas
1805 3983 2012 4040 omnis
2075 3996 2325 4052 omnes,
2387 3985 2452 4040 et
2553 3991 2556 3994 ·

250 4134 417 4198 quae
460 4115 689 4179 harum
734 4115 985 4180 similes
1021 4123 1173 4182 sunt
1215 4114 1542 4197 plurimae.
1596 4146 1677 4157 —
1763 4109 2031 4174 Omnem
2075 4117 2284 4173 autom
2331 4129 2455 4173 an-

244 4249 638 4334 Ιιοῑιϋοιοφ
698 4265 909 4316 meam
964 4264 1478 4330 unumquemque
1530 4253 1684 4325 puto
1730 4246 1926 4307 etiam
1978 4263 2081 4306 me
2140 4262 2264 4307 non
2308 4262 2451 4308 mo-
