2824 4890
413 334 540 400 xn

416 526 613 583 nente
658 517 746 581 ita
789 517 1343 599 interpretaturum
1362 557 1383 596 ,
1431 522 1499 576 ut
1541 510 1623 576 de
1666 514 2071 579 Ambrosiani
2111 518 2428 600 scriptura
2464 515 2618 582 nibil

407 650 533 715 sibi
578 648 847 714 calidius
890 648 1278 730 persuadeat
1319 648 1441 710 nisi
1484 646 1656 729 quod
1700 649 1762 709 in
1801 648 1908 712 illo
1949 656 2210 713 exstare
2255 650 2412 732 ipsis
2451 666 2618 713 ver-

413 783 513 846 bis
559 786 781 864 tester,
826 783 1100 847 omnium
1140 790 1358 846 autem
1403 781 1661 846 minimo
1701 783 1763 845 iu
1805 784 1900 847 eis
1946 783 2229 865 paginis,
2273 800 2440 865 quae
2469 783 2615 846 sor-

408 916 632 978 tiorem
689 916 941 978 lituram
1001 933 1238 996 passae
1297 923 1489 995 sunt,
1554 914 1637 977 de
1679 914 2088 1015 Ambrosiani
2148 932 2295 978 cum
2349 925 2614 998 recepta

405 1053 726 1133 scriptura
781 1066 1099 1113 consensu
1163 1052 1508 1130 quicquam
1564 1065 1601 1110 e
1655 1047 1911 1110 silentio
1965 1056 2187 1111 nostro
2250 1050 2611 1114 coniectum

403 1192 527 1246 eat.
616 1186 848 1264 Itaque
891 1182 1249 1264 ubicunque
1290 1182 1488 1244 libros
1513 1156 1661 1244 ‘dixi
1707 1182 2100 1264 simpliciter,
2146 1183 2406 1267 intelligi
2450 1186 2616 1248 reli-

403 1335 571 1400 quos
610 1319 765 1381 volo
805 1324 1061 1399 praeter
1098 1316 1182 1378 A.
1226 1347 1307 1361 —
1390 1317 1514 1378 His
1557 1316 1662 1377 ubi
1695 1314 1858 1378 ‘illud
1903 1315 2248 1400 addidero,
2290 1336 2617 1401 persona-

410 1470 547 1515 rum
589 1452 701 1513 vel
745 1459 933 1514 notas
973 1449 1078 1512 vel
1120 1446 1374 1511 nomina
1419 1448 1482 1509 in
1518 1436 1676 1528 ipsis
1703 1449 2103 1513 sermonibus
2128 1448 2615 1516 Ambrosianum

404 1582 574 1647 nulla
620 1581 889 1658 habere,
949 1579 1070 1643 sed
1134 1599 1248 1662 pro
1291 1580 1424 1655 eis,
1487 1579 1590 1641 ubi
1634 1581 1694 1643 in
1739 1581 1985 1645 medios
2028 1599 2259 1646 versus
2302 1583 2613 1665 incidunt,

410 1711 695 1775 binarum
740 1712 1088 1774 litterarum
1128 1710 1341 1791 spatia
1382 1727 1633 1794 vacua,
1674 1711 1900 1776 videor
1940 1715 2003 1776 in
2043 1728 2358 1795 praesens
2393 1716 2605 1795 potis-

405 1843 567 1906 sima
611 1841 893 1904 breviter
939 1842 1313 1921 complexus
1356 1858 1526 1904 esse.

581 1988 888 2052 Ceterum
934 1988 1101 2051 omni
1144 1993 1633 2057 asseveratione
1673 2004 1739 2058 et
1782 2012 2042 2078 possum
2086 2005 2150 2061 et
2188 1996 2390 2093 debeo
2422 1998 2614 2064 affir-

406 2137 582 2182 mare
603 2163 623 2201 ‚
666 2137 918 2185 summa
960 2138 1127 2202 quae
1168 2122 1227 2184 in
1272 2141 1375 2187 me
1420 2136 1521 2188 est
1564 2135 1630 2190 et
1672 2146 1827 2193 cura
1871 2139 1939 2193 et
1980 2129 2108 2194 fide
2151 2132 2212 2194 in
2255 2133 2321 2196 id
2363 2150 2466 2196 me
2507 2135 2615 2196 in-

413 2253 741 2334 cubuisse,
787 2261 856 2316 ut
900 2252 982 2316 de
1011 2252 1441 2320 Ambrosiano
1483 2267 1551 2320 et
1596 2278 1754 2323 vere
1794 2270 1878 2325 et·
1903 2263 2090 2343 plene
2126 2271 2419 2330 testarer.
2464 2262 2614 2344 Qua

411 2385 833 2450 affirmatione
877 2405 1002 2452 non
1045 2389 1300 2455 viderer
1340 2409 1506 2475 opus
1559 2390 1836 2476 habere,
1898 2394 2017 2458 nisi
2062 2395 2141 2459 ab
2187 2397 2410 2460 amicis
2452 2411 2611 2462 nar-'-

406 2532 655 2584 raretur
706 2523 876 2604 (ipse
917 2524 1084 2586 enim
1129 2527 1349 2608 legere
1389 2546 1516 2590 non
1571 2529 1750 2591 soleo
1772 2572 1793 2609 ‚
1851 2547 2015 2612 quae
2069 2528 2257 2591 bilem
2311 2530 2612 2594 inutiliter

412 2657 660 2712 motura
705 2649 866 2726 sint)
926 2652 1119 2716 valde
1175 2656 1529 2737 importune
1569 2657 1629 2719 in
1671 2676 1776 2720 me
1817 2677 2019 2742 nuper
2061 2661 2390 2722 invectum
2434 2675 2609 2744 esse,

411 2799 601 2864 quem
649 2782 777 2843 etsi
817 2791 883 2845 et
924 2784 1550 2866 negligentissimum
1599 2787 1911 2853 bominem
1956 2790 2520 2874 deprehendissem
2548 2802 2617 2858 et

415 2938 635 3001 parum
678 2936 717 2982 a
761 2928 984 2984 natura
1027 2921 1108 2984 ad
1156 2922 1559 2987 iudicandum
1603 2926 1840 2991 factum
1867 2945 2156 3011 nossem,
2199 2938 2412 2993 tamen
2437 2951 2615 3012 pau-

408 3058 652 3121 ciorum
690 3063 912 3137 qratia
954 3059 1016 3120 in
1060 3077 1139 3122 eo
1179 3059 1567 3142 adiuvisset,
1609 3069 1679 3124 ut
1721 3060 1945 3124 iterum
1988 3062 2159 3125 adita
2185 3063 2613 3127 Ambrosiam

405 3184 788 3252 bibliotheca
814 3188 1142 3251 Plautinas
1190 3190 1594 3255 membranas
1640 3190 1844 3256 denuo
1889 3193 2253 3274 inspiceret.
2338 3194 2463 3274 Qui
2508 3195 2609 3256 si·-

405 3318 550 3381 cubi
602 3322 726 3384 sibi
786 3322 975 3384 visus
1016 3332 1120 3386 est
1160 3325 1267 3388 vel
1313 3326 1639 3409 aliquanto
1694 3327 1877 3409 plura
1936 3327 2158 3411 legere
2212 3326 2320 3388 vel
2374 3321 2612 3407 aliquid

410 3469 595 3534 quam
645 3470 769 3535 ego
815 3454 1097 3521 rectius:
1142 3464 1359 3537 potest
1405 3458 1466 3521 id
1512 3460 1762 3541 quidem
1804 3477 2025 3521 verum
2070 3475 2255 3524 essex
2300 3475 2444 3521 nam
2486 3472 2611 3540 qua

411 3602 537 3664 ego
579 3585 945 3664 pervicacia
989 3589 1094 3651 vel
1135 3591 1439 3671 superbia
1478 3608 1708 3672 negem
1754 3592 2046 3672 potuisse
2087 3586 2275 3653 fieri?
2312 3586 2430 3651 sed
2456 3607 2615 3669 pro-

408 3714 581 3777 fecto
626 3734 851 3779 verum
893 3735 1021 3781 non
1063 3717 1395 3784 habebitur
1439 3726 1775 3802 propterea
1817 3716 1965 3800 quia
2006 3716 2111 3780 ille
2155 3717 2324 3782 dicit.
2388 3719 2601 3799 Quam

409 3851 574 3922 enim
621 3850 809 3917 fldem
852 3854 1146 3920 veritatis
1190 3856 1428 3919 habere
1471 3856 1609 3918 eius
1656 3854 2086 3919 testimonium
2123 3856 2376 3937 poterit,
2421 3871 2613 3937 quem

404 4006 549 4053 cum
591 3990 810 4074 legere
859 3993 1252 4056 nescientem
1286 4009 1435 4074 nos,
1480 3989 1630 4072 quid
1662 3997 1842 4053 esset
1870 3990 2113 4072 legere,
2155 3986 2607 4051 docuissemus

406 4124 626 4188 Musei
666 4127 868 4189 nostri
932 4125 1306 4210 philologici
1350 4133 1398 4190 t.
1441 4141 1515 4206 v,
1559 4143 1619 4206 p.
1665 4111 1789 4188 tas
1828 4142 2010 4208 sqq.‚
2066 4136 2302 4186 recens
2355 4118 2615 4184 doctum

409 4259 838 4337 comperimus
880 4277 918 4323 e
963 4275 1112 4323 sero
1156 4258 1454 4324 tirocinio
1488 4256 1574 4322 ad
1615 4258 1986 4322 subitarium
2043 4252 2358 4318 immaturi
2395 4254 2613 4334 magi-
