2824 4890
1937 317 2364 382 chxxm

158 521 402 585 passae
441 511 629 565 eunt:
678 521 874 582 quare
919 501 1084 565 haud
1132 502 1273 579 ecio
1314 480 1393 566 an
1441 522 1564 565 non
1605 504 2007 568 sollicitanda
2044 507 2168 578 sint
2206 526 2362 589 pro-

153 641 325 703 ducti
368 644 476 701 det
516 639 899 703 coniunctivi
949 639 1242 718 exempla
1288 638 1467 698 Pers,
1513 656 1561 718 ι,
1603 639 1667 718 2,
1722 638 1814 699 16.
1854 657 1926 718 11,
1966 640 2029 718 5,
2072 639 2188 701 26:

312 770 437 831 Set
483 766 833 850 legirupam
881 768 985 860 qui
1033 765 1316 847 damnet,
1364 770 1470 828 det
1510 768 1574 829 in
1618 764 1978 849 pubiicum:

316 905 401 964 Et
448 898 671 964 mulier
717 912 784 962 nt
826 903 914 962 sit
958 897 1155 963 libera
1204 912 1397 984 atque
1444 904 1584 983 ipse
1628 898 1794 964 tiltro
1839 906 1948 964 det
1984 903 2357 986 arge'ntum:

154 1035 580 1117 Captivorum
628 1045 838 1097 autem
884 1053 1123 1097 versus
1170 1054 1240 1115 11,
1285 1036 1353 1112 2,
1406 1034 1487 1097 10
1529 1036 1623 1097 sic
1666 1035 2138 1097 restituendus:

309 1170 553 1252 Neque
595 1178 660 1231 te
704 1172 908 1251 nobiS,
953 1174 1006 1232 si
1050 1167 1198 1233 hinc
1240 1171 1574 1251 abeamuS‚
1616 1167 1676 1232 si
1709 1175 1863 1252 fuat
1903 1166 2184 1234 occasio.

146 1301 393 1364 Eadem
442 1304 606 1362 ratio
653 1303 813 1361 uelit
849 1301 1031 1362 verbi
1074 1301 1248 1363 Men.
1297 1301 1448 1382 proi.
1493 1301 1618 1361 49:

318 1432 516 1514 Velit,
558 1432 860 1495 audacter
899 1430 1210 1514 imperato
1258 1441 1321 1494 et
1364 1428 1584 1494 dicito:

138 1560 291 1622 item
339 1561 512 1622 Trin.
556 1558 710 1637 306,
758 1569 823 1621 ut
867 1561 1076 1640 capite
1118 1578 1230 1624 xv.
1274 1562 1531 1641 pianum
1579 1561 1721 1624 fiet:

314 1679 561 1753 'Vtrum
634 1692 806 1755 itane
872 1712 1026 1756 esse
1091 1694 1354 1756 maet'uelit
1417 1706 1486 1758 ut
1555 1716 1699 1758 eum
1766 1697 2014 1761 animus
2078 1718 2348 1780 aequom

1534 1827 1818 1893 censeat.

139 1961 324 2022 Haec
370 1962 428 2021 si
479 1959 664 2022 fidem
707 1961 967 2041 habent,
1006 1962 1189 2025 simul
1234 1964 1400 2026 hanc
1443 1965 1573 2027 vim
1616 1965 1858 2029 habere
1902 1986 2174 2031 necesse
2219 1979 2347 2048 est,

137 2102 203 2152 ut
246 2112 288 2153 a
336 2093 524 2153 metri
568 2090 819 2173 quidem
865 2093 1070 2155 vitiati
1104 2093 1467 2173 suspicione
1498 2095 1722 2157 Militia
1762 2115 2020 2166 versum
2046 2116 2144 2177 lv,
2171 2101 2239 2180 6,
2266 2099 2353 2161 29

133 2225 440 2288 liberent:

302 2359 473 2420 Sine
517 2353 680 2419 uitro
724 2360 963 2438 ueniat,
1009 2358 1351 2443 quaeritet,
1396 2360 1748 2447 desideret,
1794 2365 2156 2444 exspectet.

134 2492 421 2555 Rursum
470 2494 572 2555 his
616 2493 930 2574 exemplis
975 2494 1215 2575 fretus,
1264 2496 1560 2576 quoniam
1608 2515 1722 2576 par
1766 2496 1924 2556 ratio
1970 2496 2129 2557 inter
2171 2498 2346 2573 leyen

131 2626 298 2702 ἱερεῖ
338 2634 542 2705 atque
586 2628 746 2687 inter
789 2629 901 2688 des
942 2631 1049 2691 det
1082 2630 1444 2712 intercedit,
1489 2652 1612 2693 non
1642 2631 1859 2694 dubito
1889 2635 2083 2694 etiam
2133 2636 2352 2695 audiet

134 2759 445 2821 creticum
491 2760 704 2839 potius
751 2765 916 2823 tueri
959 2763 1018 2823 in
1065 2763 1304 2826 Bacch.
1348 2782 1448 2843 lv,
1492 2764 1558 2845 8,
1601 2764 1718 2827 70:

306 2903 529 2967 Satin’
571 2906 695 2987 est,
741 2908 796 2968 si
840 2910 1020 2991 plura
1061 2930 1145 2972 ex
1194 2931 1295 2974 me
1337 2908 1556 2975 aiidiet
1599 2912 1790 2977 hodie
1833 2914 2026 2996 mala,

131 3073 317 3136 quarn
366 3056 749 3119 tribrachum
801 3068 1097 3139 quartum
1146 3059 1401 3145 pedem,
1449 3063 1719 3126 iambum
1764 3072 1976 3126 autem
2023 3084 2136 3147 pro
2177 3084 2340 3129 ana-

140 3207 374 3275 paesto
450 3195 733 3273 quintum
807 3198 1229 3278 interpretari.
1294 3231 1374 3242 -
1443 3198 1566 3260 His
1635 3207 1847 3261 autem
1914 3196 2344 3259 fundamentis

126 3329 315 3392 iactis
375 3327 589 3390 audeo
648 3327 948 3410 progredi
998 3328 1252 3411 longius
1309 3337 1376 3390 et
1432 3328 1594 3390 ultra
1649 3326 2036 3391 coniunctivi
2091 3327 2334 3388 formas

128 3460 571 3540 investigatae
615 3460 877 3521 rationis
908 3457 1071 3521 fines
1099 3478 1514 3540 promovere:
1558 3478 1916 3541 quanquam
1963 3459 2171 3520 fateor
2215 3477 2341 3521 non

122 3593 263 3654 sine
309 3590 654 3654 timiditate
698 3611 801 3654 me
847 3591 1120 3675 audere,
1168 3602 1232 3655 et
1275 3594 1499 3655 rationi
1545 3593 2085 3673 obtemperantem
2129 3594 2340 3677 magis

121 3744 320 3807 quam
390 3726 886 3807 morigerantem
942 3732 1180 3789 sensui.
1276 3728 1445 3789 Nam
1504 3745 1627 3809 quo
1691 3727 2021 3791 affinitatis
2082 3729 2339 3789 vinculo

122 3861 297 3922 aelia
343 3869 413 3921 et
457 3861 632 3934 uelit,
679 3865 775 3922 eis
820 3871 882 3922 et
930 3869 1040 3935 sit,
1090 3864 1203 3923 des
1247 3872 1311 3923 et
1354 3865 1489 3938 det,
1542 3881 1665 3943 quo
1713 3864 1893 3939 leque
1935 3862 2225 3938 leyamue
2270 3864 2336 3918 et

120 4004 344 4082 hyat,
419 4022 543 4084 quo
600 4004 889 4083 loquaris
948 4003 1248 4082 loquatur
1298 4009 1363 4062 et
1424 4001 1678 4080 loquar,
1747 3996 1965 4057 eodem
2033 3990 2337 4055 contineri

121 4157 312 4198 mae
360 4142 428 4197 et
509 4140 714 4210 amat,
764 4153 979 4194 mones
1022 4140 1089 4194 et
1128 4139 1363 4203 monet,
1412 4133 1600 4191 audis
1643 4137 1707 4189 et
1751 4128 1932 4187 audit
1971 4118 2337 4186 conceden-

124 4269 275 4332 dum
324 4276 447 4331 est.
535 4270 741 4351 Igitur
787 4264 959 4349 quod
1003 4267 1065 4327 in
1108 4266 1229 4327 illis
1272 4262 1533 4341 factum,
1583 4258 1666 4322 ad
1707 4258 1826 4319 hos
1866 4273 2118 4338 quoque
2160 4252 2334 4315 indi-
