2824 4890
436 324 628 388 XXX

438 513 649 594 philol.
697 522 738 576 t.
783 531 877 591 lv,
926 513 1289 597 p.3558q.:
1335 516 1452 578 sed
1500 525 1866 578 constanter
1898 513 2064 577 idem
2112 533 2250 576 mos
2292 533 2403 592 per
2435 514 2641 594 ipsam

440 647 871 709 'l'rinummum
918 648 1206 728 pertinet.
1293 650 1361 709 ln
1410 667 1534 729 qua
1577 647 2102 730 quemadmodum
2149 653 2220 709 A
2261 648 2469 710 littera
2499 666 2646 709 cum

446 777 889 861 Megaronidis
932 787 1058 841 tum
1105 778 1437 862 Philtonis,
1484 777 1849 840 ΒΕΖΘΚΧ
1886 782 2116 842 litteris
2157 779 2457 855 Gallicus,
2499 779 2649 860 Ly·-

440 909 661 986 sitelis,
711 909 1071 989 Lesbonici,
1115 908 1810 991 Charmidis‚Stasimi,
1839 908 2302 990 Sycophantae
2328 927 2650 989 personae

442 1054 779 1128 notantur,
840 1048 926 1107 ita
971 1064 1159 1128 quae·
1194 1054 1521 1126 postrema
1567 1065 1839 1126 persona
1886 1044 2089 1126 prodit
2131 1047 2429 1108 Plaudite
2473 1047 2647 1106 reci-

443 1186 612 1253 tans,
658 1178 807 1238 item
853 1185 1173 1256 postrema
1222 1178 1457 1258 littera,
1505 1195 1670 1257 quae
1716 1187 1818 1239 est
1860 1174 1922 1237 Ω
1967 1178 2070 1238 vel
2116 1198 2189 1253 ω,
2231 1196 2372 1239 cum
2421 1181 2647 1241 in'l'e-

435 1312 635 1373 rentio
681 1312 1086 1389 constanter,
1148 1318 1277 1370 tum
1338 1310 1464 1371 hoc
1507 1329 1632 1371 uno
1676 1310 1816 1371 loco
1861 1311 1920 1371 in
1971 1310 2289 1373 Plautinis
2338 1311 2506 1373 libris
2547 1314 2650 1373 si-

435 1442 741 1523 gnificata
787 1450 912 1504 est.
998 1441 1169 1503 Hinc
1212 1444 1598 1523 perspicitur
1639 1443 1936 1505 subtilius
1979 1463 2168 1526 quam
2200 1447 2415 1506 verius
2443 1447 2646 1506 Bent-

436 1575 627 1636 leium
683 1575 744 1635 in
807 1571 1007 1635 Andr.
1051 1590 1125 1653 v,
1169 1572 1250 1654 6,
1304 1572 1380 1635 17
1425 1574 1590 1635 illam
1636 1594 1689 1634 ω
1733 1583 1949 1637 notam
2013 1579 2374 1639 coniecisse
2419 1600 2457 1640 e
2503 1578 2644 1642 CA.

438 1710 661 1772 litteris
706 1717 906 1771 ortam
953 1728 1136 1791 esse,
1181 1709 1412 1792 quibus
1459 1708 1833 1772 CANTOR
1879 1727 2104 1770 nomen
2153 1711 2645 1791 significaretur.

441 1846 689 1907 Verum
751 1842 1030 1906 eandem·
1078 1842 1246 1924 quod
1305 1841 1385 1902 ad
1439 1844 1720 1903 cantoris
1777 1858 2113 1921 personam
2161 1843 2428 1902 Horatio
2485 1840 2646 1906 duce

438 1978 689 2057 retulit,
752 1974 812 2037 id
860 1994 1004 2037 eum
1052 1984 1201 2057 puto
1256 1984 1609 2039 tamrrecte
1649 1975 1941 2058 vidisse,
2003 1987 2068 2038 ut
2124 1998 2250 2039 non
2308 1978 2642 2042 dubitarim

439 2108 813 2172 CANTOR
859 2127 1084 2170 nomen
1126 2108 1511 2170 adscribere.
1601 2108 1724 2171 Cui
1768 2110 2125 2172 sententiae
2173 2112 2646 2176 confirmandae

446 2260 570 2304 non
634 2241 1034 2304 incommode
1090 2241 1488 2304 adhibebitur
1551 2241 1846 2303 notabilis
1903 2245 2202 2305 memoria
2267 2248 2643 2327 optimorum

440 2375 735 2437 librorum
786 2375 845 2436 in
891 2375 1062 2438 exitu
1108 2376 1350 2437 Persae
1406 2373 1708 2456 fabulae,
1769 2376 1870 2458 qui
1929 2376 2031 2437 hic
2090 2388 2191 2438 est
2244 2380 2304 2439 in
2355 2379 2647 2442 BODE:

433 2513 720 2590 plaudite
756 2515 993 2589 pantio.
1077 2511 1249 2571 Nam
1307 2509 1366 2570 in
1429 2509 1554 2571 hoc
1597 2528 1719 2570 non
1763 2509 1953 2571 video
1997 2510 2143 2592 quid
2192 2511 2390 2573 latere
2433 2513 2644 2592 possit

438 2647 560 2710 nisi
605 2646 971 2709 CAN'rlo.
1060 2643 1311 2722 Quodsi
1358 2647 1602 2725 cantio,
1655 2662 1779 2725 qua
1825 2643 2144 2724 prolusum
2189 2662 2343 2705 esse
2385 2644 2646 2707 fabulae

438 2778 672 2841 actioni
715 2778 994 2857 scimus,
1056 2775 1324 2839 eandem
1370 2778 1559 2838 etiam
1606 2777 2029 2858 sequebatur,
2084 2777 2228 2839 nihil
2273 2777 2495 2839 mirum
2544 2787 2647 2840 est

439 2928 479 2972 a
520 2908 874 2990 prodeunte
918 2919 1067 2989 post
1110 2916 1397 2970 actorum
1446 2909 1798 2971 discessum
1829 2917 2093 2971 cantore
2126 2910 2314 2970 etiam
2356 2911 2654 2987 plaudite

436 3039 585 3103 illud
631 3039 733 3102 vel
777 3039 987 3101 ualele
1024 3045 1088 3099 et
1125 3039 1411 3115 plaudite
1455 3041 1922 3117 pronuntiatum
1972 3054 2145 3099 esse.
2232 3038 2371 3100 Sua
2414 3049 2645 3119 sponte

434 3181 702 3255 apparet
762 3171 1078 3253 disparem
1142 3188 1294 3233 esse
1358 3190 1568 3233 earum
1636 3171 1983 3234 fabularum
2048 3173 2354 3235 rationem
2387 3217 2406 3250 ‚
2476 3193 2644 3255 quae

436 3304 869 3387 compluribus
912 3303 1208 3365 versibus
1253 3305 1664 3366 terminantur
1706 3304 1786 3366 ab
1831 3305 1970 3385 ipso
1995 3315 2368 3388 argumento
2399 3305 2644 3372 alienis.

438 3438 509 3497 ln
566 3453 692 3522 quo
748 3451 990 3516 genere
1044 3440 1341 3515 quattuor
1396 3440 1634 3495 tantum
1700 3433 2143 3515 inscriptiones
2199 3436 2258 3495 B
2314 3437 2643 3499 servavit:

438 3564 696 3630 GREx
741 3566 805 3625 in
850 3564 1172 3646 Asinaria,
1222 3563 1653 3626 CATERVA
1700 3565 1768 3624 in
1814 3561 2108 3644 Captivis
2157 3569 2222 3624 et
2255 3561 2642 3644 Cistellaria,

438 3699 738 3772 POETA
785 3697 844 3760 in
890 3694 1182 3776 Epidico.

610 3832 686 3901 (3
740 3823 1055 3898 ‘Codex
1109 3822 1340 3896 alter’
1386 3833 1786 3913 Camerarii,
1841 3816 2383 3896 ‘Decurtatus'
2429 3826 2643 3907 Parei,

434 3976 689 4049 praeter
735 3968 854 4030 hos
896 3975 1212 4030 tractatus
1254 3986 1294 4028 a
1341 3964 1623 4030 Grutero
1645 4009 1667 4047 ,
1711 3964 2181 4047 Rittershusio,
2228 3964 2539 4045 Scioppio
2579 3968 2648 4024 et

432 4120 631 4182 nuper
675 4121 714 4163 a
758 4101 1021 4164 Bothiox
1068 4100 1215 4161 olim
1264 4098 1685 4161 bibliothecae
1730 4099 1801 4160 S.
1850 4099 2215 4161 Corbiuiani
2260 4099 2643 4182 Frisingen-

437 4235 531 4296 sis
576 4233 675 4313 (id
721 4234 886 4316 quod
931 4235 1098 4297 haec
1143 4235 1202 4296 in
1247 4234 1550 4316 principio
1608 4234 1935 4315 inscriptio
1983 4241 2290 4298 testaturz
2350 4221 2468 4296 ‘lib.
2519 4235 2643 4298 iste

1236 4527 1304 4546 q,-
