2824 4890
1848 349 1851 354 ⁴
1909 354 2323 423 cchxxm

129 534 244 600 aed
293 534 400 597 illa
443 549 726 615 quoque,
771 533 831 596 in
874 492 1102 613 quibus
1145 536 1291 596 sine
1334 532 1474 596 vitii
1501 534 1875 616 suspicione
1917 546 2050 601 tres
2093 541 2335 625 dactyli

131 685 234 747 per
277 675 414 734 tres
459 665 540 729 ab
583 665 758 726 initio
798 664 995 745 pedes
1037 665 1503 748 continuantur,
1547 669 1722 731 'l'rin-
1761 669 1904 732 965.
1958 672 2155 735 loona

287 786 532 880 'Atque
572 799 765 862 etiam
811 794 1171 881 Philippum
1213 808 1609 866 numeratum
1717 844 2252 867 ......

295 929 411 996 Ne
453 931 666 998 subito
709 939 917 994 metus
963 928 1290 994 exoriatur
1416 975 2048 1002 .......
2129 950 2151 999 ’.
2240 983 2256 999 .

129 1065 444 1148 Reliquae
487 1072 704 1152 autem
747 1063 945 1129 sedes
1004 1067 1509 1145 septenariornm
1574 1068 1637 1133 in
1693 1071 2031 1150 propatulo
2075 1080 2179 1133 est
2223 1090 2338 1137 cur

128 1201 315 1265 binos
357 1200 655 1283 dactylos
697 1219 824 1265 non
861 1200 1252 1268 admiserint.
1366 1203 1536 1267 Nam
1583 1221 1728 1267 cum
1771 1224 1814 1267 a
1853 1207 2132 1286 septimo
2176 1204 2342 1286 pede

128 1331 459 1414 dactylum
505 1331 916 1398 inexorabilis
963 1335 1330 1399 necessitas
1378 1353 1646 1417 prorsus
1681 1344 2012 1420 segreget,
2057 1335 2339 1399 eiusdem

127 1474 386 1534 constat
446 1466 644 1529 etiam
702 1465 769 1527 in
830 1473 1055 1547 quarto
1116 1463 1282 1547 pede
1346 1475 1453 1530 sat
1510 1466 1867 1529 modestum
1929 1486 2115 1531 usum
2167 1486 2339 1550 esse,>

130 1597 266 1662 Sed
314 1598 402 1660 ibi
444 1602 570 1663 etsi
611 1598 785 1663 licuit
830 1607 1044 1662 tamen
1089 1620 1230 1663 eum
1276 1602 1473 1662 certis
1510 1598 1990 1662 condicionibus
2036 1599 2340 1666 trochaeo

131 1730 562 1794 substituere:
624 1739 694 1793 at
736 1732 906 1795 nulla
961 1730 1335 1794 condicione
1394 1733 1535 1794 eius
1578 1732 1668 1793 rei
1711 1731 2115 1794 insolentiam
2163 1729 2339 1796 licuit

131 1864 540 1927 coacervatis
597 1828 876 1944 dactylis
921 1875 1192 1944 augere.
1300 1863 1527 1943 Itaque
1582 1881 1707 1924 non
1764 1864 1976 1945 magis
2033 1861 2338 1943 consequi

131 1995 433 2077 dactylus
472 1996 537 2057 in
578 1975 795 2076 quinto
843 1995 1007 2078 pede
1049 1997 1253 2077 potuit
1295 1996 1465 2062 Triu.
1507 1994 1668 2061 338:

301 2125 474 2208 Quia
519 2131 657 2193 sine
699 2136 873 2198 omni
916 2130 1237 2213 militiast,
1281 2131 1559 2198 tolerare
1598 2134 1658 2195 ci
1701 2133 2058 2216 egestatem
2101 2136 2274 2217 uolo,

136 2259 276 2333 (ubi
325 2258 383 2320 si
427 2278 547 2322 nou
592 2267 694 2324 est
737 2267 1080 2338 egestatem
1122 2268 1186 2326 ei
1231 2261 1789 2344 transponendum,
1834 2264 1897 2325 in
1924 2283 2110 2327 unam
2136 2264 2342 2346 sylla-

135 2390 282 2454 bam
331 2412 448 2453 -re
490 2396 553 2453 ei
589 2413 664 2455 e·
708 2392 1088 2458 coalescunt
1131 2395 1600 2477 pronuntiando
1617 2399 1669 2470 ε)
1717 2412 1905 2477 quam
1948 2394 2342 2477 praecedere

139 2526 204 2585 in
249 2524 438 2588 tertio
484 2523 647 2605 pede
692 2524 930 2616 Bacch.
971 2524 1132 2590 5312

301 2657 486 2742 Qus?
545 2660 658 2725 tibi
717 2682 839 2725 non
883 2660 1026 2726 erat
1067 2661 1468 2725 meretricum
1511 2657 1774 2725 alidrum
1821 2660 2094 2724 Athenis
2137 2657 2344 2742 copia.

136 2787 268 2869 Qui
312 2807 553 2852 versus
598 2806 742 2853 cum
788 2789 1258 2873 quadruplicem
1305 2791 1867 2872 transpositionem
1915 2790 2240 2855 admittatx

285 2918 438 3000 ‚Qui
479 2939 604 2986 non
646 2919 1051 2987 meretricum
1100 2923 1211 2987 tibi
1257 2924 1522 2989 aliarum
1566 2923 1704 2989 erat
1750 2926 1829 2989 A.
1874 2941 1934 2987 c.

309 3050 446 3131 Qui
486 3073 610 3118 non
653 3052 918 3121 aliarum
963 3057 1073 3120 tibi
1116 3022 1517 3155 meretricum
1563 3053 1701 3121 erat
1742 3057 1826 3119 A.
1868 3076 1923 3119 c.

306 3182 440 3267 Qui
479 3187 590 3249 tibi
630 3206 757 3251 non
804 3185 1066 3253 aliarum
1108 3188 1506 3253 meretricum
1551 3186 1691 3252 erat
1739 3189 1816 3251 A.
1857 3208 1913 3252 c.

308 3311 445 3394 Qui
485 3314 594 3377 tibi
637 3335 763 3391 non
805 3314 1204 3383 meretricum
1251 3318 1512 3382 aliarum
1557 3316 1698 3383 erat
1739 3318 1823 3379 A.
1864 3334 1959 3381 ca

129 3447 259 3515 etsi
305 3446 532 3512 horum
578 3451 1009 3535 exemplorum
1053 3450 1291 3515 nullum
1336 3457 1441 3511 est
1494 3448 1681 3513 cuius
1738 3466 1863 3513 non
1914 3447 2145 3512 similia
2199 3468 2342 3530 cap.

124 3596 249 3647 xv.
295 3571 781 3666 protulerimus,
847 3591 1059 3645 tamen
1117 3582 1353 3645 ceteris
1404 3578 1631 3643 nescio
1689 3598 1772 3642 an
1816 3588 1882 3643 et
1921 3580 2348 3660 simplicitatis

128 3720 202 3775 et
248 3709 620 3793 elegantiae
662 3710 849 3777 laude
899 3720 1188 3793 quartum
1232 3719 1523 3792 praestet
1578 3727 1721 3772 cum
1781 3711 2018 3775 usitato
2072 3710 2138 3773 in
2191 3730 2351 3774 cae-

124 3861 294 3911 sura
338 3840 542 3922 hiatu,
587 3841 900 3926 triplicato
944 3850 1159 3906 autem
1202 3840 1286 3905 ab
1322 3842 1498 3907 initio
1541 3840 1826 3924 dactylo.

333 3975 407 4037 In
465 3973 603 4056 ipso
661 3983 875 4040 autem
939 3983 1163 4057 quarto
1220 3975 1689 4058 septenarii
1750 3972 1917 4057 pede
1980 3982 2052 4035 ut
2116 3972 2345 4053 quibus

127 4105 630 4175 condicionibus
660 4104 895 4189 dactyli
927 4123 1086 4171 usus
1124 4108 1427 4173 astrictus
1463 4106 1548 4169 sit
1586 4104 1996 4186 intelligatur,
2037 4105 2213 4186 prius
2251 4112 2353 4167 est

128 4241 217 4306 de
264 4256 680 4304 caesurae
723 4239 1068 4304 rationibus
1112 4240 1331 4322 paullo
1373 4237 1757 4320 explicatius
1800 4235 2149 4303 dicendum.
2190 4238 2349 4304 Eam

300 4363 445 4403 Plauti
473 4362 591 4404 Con.
623 4363 658 4405 Ι.
689 4364 730 4405 Ι.
760 4363 877 4406 'rr-in.
1913 4362 1949 4407 8
