2824 4890
1996 341 2287 406 nxxlx

160 523 437 588 admodum
477 526 532 588 in
587 525 841 608 reliquis
891 542 1089 606 propo
1137 521 1430 585 omnibus
1475 518 1634 603 (me
1674 526 1942 605 quidem,
1989 527 2171 587 decet
2207 532 2290 588 te

150 659 368 736 quidem,
409 665 554 738 atqu
574 678 609 718 c
649 658 936 739 quidem,
982 632 1357 718 adulescunt
1372 649 1430 741 ἆ
1452 640 1784 739 quide'm),
1829 659 2199 737 contiguam
2244 676 2282 719 e

150 787 369 851 litteram
420 808 708 853 caussam
766 788 973 853 fuisse
1019 787 1248 852 erroris
1305 795 1658 870 appareat,
1717 786 1856 850 Mil.
1899 805 2018 867 111,
2066 788 2141 869 1,
2182 788 2286 856 54.

146 922 279 983 Trio.
313 922 459 987 eu:

204 1040 405 1136 'Atque
447 1052 806 1136 [eJquidcm
849 1053 1039 1134 plano
1077 1049 1420 1115 &ducatum
1462 1050 1523 1112 in
1571 1048 1890 1115 nutricatu
1939 1048 2246 1115 Vdncrio.

200 1172 397 1270 'Atque
440 1186 796 1269 [eJquidem
841 1188 1019 1268 ipsus
1063 1183 1231 1248 ultro
1272 1186 1448 1248 uenit
1487 1182 1696 1284 Philto
1744 1195 1993 1249 oratum
2036 1183 2192 1250 filio.

143 1319 333 1401 Ecquis
369 1321 555 1403 igitur
610 1322 733 1383 iam
777 1319 1084 1381 dubitabit
1127 1318 1338 1382 Stichi
1385 1337 1637 1401 quoque
1665 1317 1900 1395 &versui
1938 1335 2035 1399 iv,
2081 1320 2155 1398 1,
2198 1319 2285 1384 48

136 1450 272 1512 Doim
310 1455 545 1533 qncidem
590 1453 807 1515 hercle
849 1449 1022 1533 quo'd
1060 1454 1256 1513 edant
1292 1455 1497 1514 addas
1541 1452 1809 1517 reddere
1852 1456 2089 1517 usitata
2130 1457 2283 1518 dum

133 1585 467 1669 particulae,
523 1595 596 1651 ut
654 1586 826 1653 Trio.
865 1586 985 1664 58,
1023 1585 1425 1653 intentione?
1510 1588 1664 1651 Non
1721 1596 2007 1652 recurret
2064 1588 2285 1670 opinor

132 1715 271 1780 furca
307 1722 634 1802 expulsum
679 1723 987 1801 equidem.

256 1850 347 1913 Ab
389 1851 657 1929 horum,
729 1869 892 1932 quae
950 1869 1102 1914 csse
1144 1858 1321 1913 corta
1379 1832 1629 1932 putam,
1687 1851 1999 1916 societate
2041 1830 2280 1938 segre·-

124 1978 296 2059 ganda
348 1992 488 2046 sunt
516 2028 537 2064 ,
609 1983 692 2048 de
745 1983 975 2065 quibus
1035 1984 1185 2047 volo
1236 1983 1318 2046 ab
1374 1971 1515 2047 aliis
1568 1983 1801 2048 doceri.
1885 1985 2088 2050 Velut
2130 2004 2276 2050 cum

125 2115 364 2181 crebrum
420 2136 577 2182 csse
624 2117 920 2180 Plautum
985 2118 1343 2199 glossarum
1400 2117 1888 2182 reconditiorum
1935 2138 2059 2182 usu
2118 2136 2281 2182 cou-

124 2255 263 2330 stet‚
300 2268 548 2332 quarum
598 2249 836 2313 multae
881 2247 942 2309 iu
988 2248 1228 2310 uostris
1268 2248 1445 2312 libris
1493 2249 1876 2314 obscuratae
1916 2262 2110 2336 sunt,
2163 2253 2283 2317 erit

123 2379 353 2448 sortasse
396 2386 500 2471 qui
545 2405 666 2468 pro
712 2404 791 2449 eo
833 2381 1000 2468 quod
1046 2404 1108 2447 v.
1149 2384 1275 2449 492
1318 2386 1625 2468 vulgatur
1665 2387 1949 2456 satillum
1981 2387 2109 2450 talc
2152 2408 2281 2453 vo·-

123 2514 362 2580 cnbulum
420 2519 907 2610 subministret,
973 2517 1138 2601 quod
1199 2527 1265 2582 et
1319 2522 1383 2582 in
1444 2520 1845 2583 Ambrosiani
1908 2522 2276 2585 memoriam

120 2662 256 2709 su·-
280 2669 361 2713 ι·
388 2678 407 2701 ·
434 2676 454 2698 ·
480 2671 534 2714 m
584 2649 928 2713 conveniat
968 2658 1035 2711 ct
1074 2648 1312 2712 hiatum
1354 2649 1442 2712 ita
1487 2651 1664 2713 tollat
1705 2659 1773 2713 ut
1812 2671 1936 2714 non
1980 2670 2145 2734 opus
2188 2654 2276 2718 sit

119 2783 320 2842 ananan*
363 2781 589 2844 forma.
675 2779 934 2843 Vtinam
1008 2779 1202 2861 igitur
1266 2781 1339 2844 in
1387 2782 1666 2844 vetustis
1729 2784 2066 2867 glossariis
2132 2785 2277 2870 illis,

121 2925 331 2988 quorum
373 2934 538 2979 nunc
585 2915 817 2976 lautam
864 2912 1205 2976 editionem
1253 2931 1294 2975 a
1338 2912 1422 2977 G.
1471 2913 1543 2975 F.
1590 2913 2018 2980 Hildebrando
2073 2919 2278 2999 parari

122 3036 405 3128 laetamur,
447 3047 585 3110 tale
626 3043 919 3127 quiddam
962 3053 1199 3126 exstet,
1244 3047 1433 3126 quale
1475 3045 1751 3108 futuram
1792 3046 1877 3111 sit
1918 3048 2097 3110 velut
2136 3070 2276 3111 ea·-

117 3177 395 3241 tullium
410 3226 435 3258 ,
480 3199 529 3244 a
573 3186 792 3254 satur,
859 3179 1143 3241 satanae
1186 3177 1439 3240 ductum
1460 3221 1481 3257 ,
1543 3180 1875 3241 sotullr'um
1918 3185 2168 3244 animae
2210 3192 2282 3248 ut

115 3304 181 3367 sit
212 3313 439 3376 animae
482 3315 741 3396 plenum
796 3332 920 3375 non
976 3315 1278 3385 salinum,
1348 3315 1469 3378 scd
1516 3318 1766 3379 omniuo
1809 3320 2276 3396 vasculum,

115 3456 227 3504 cum
278 3449 424 3511 salis
486 3449 886 3530 potissimum
947 3449 1117 3511 notio
1164 3448 1244 3511 ad
1289 3454 1649 3514 sententiae
1691 3419 1821 3514 vim
1866 3451 2120 3513 minime
2165 3469 2276 3513 rc-

115 3573 370 3651 quiratur.
422 3614 509 3625 —
596 3578 815 3643 Simile
854 3587 957 3641 cst
1001 3578 1166 3662 quod
1210 3597 1275 3644 v,
1313 3580 1440 3644 512
1483 3602 1570 3644 ex
1614 3581 2017 3645 Ambrosiani
2058 3581 2278 3646 vcsti-

110 3703 215 3782 giis
249 3712 483 3776 conieci
539 3731 651 3792 pro
696 3713 948 3773 nutrice
989 3710 1161 3773 aliud
1207 3730 1435 3774 nomen
1479 3711 1734 3796 aliquod
1779 3713 1920 3776 sive
1966 3715 2027 3776 in
2072 3715 2277 3777 veteri

112 3831 296 3916 lingua
349 3844 494 3905 sive
553 3843 613 3904 in
669 3842 844 3906 vitao
902 3860 1021 3906 usu
1085 3848 1403 3907 communi
1464 3846 1830 3929 exstitisse,
1901 3846 2069 3929 quod
2110 3867 2150 3910 a
2192 3865 2278 3910 'ro

109 3964 306 4034 litteris
346 3975 687 4056 inciperotx
754 3976 940 4056 qualo
994 3976 1270 4055 exempli
1332 3994 1570 4038 caussa
1615 3977 1915 4058 proposui
1957 3977 2279 4038 tolera-

107 4103 401 4182 tricem,
449 4107 700 4169 mallem
744 4106 1021 4188 exempli
1065 4105 1448 4169 auctoritate
1489 4106 1788 4186 positum.
1832 4138 1914 4150 -—
1964 4106 2281 4188 Singula·-

109 4233 247 4297 riom
285 4240 430 4301 sive
471 4239 925 4303 vocabulorum
985 4240 1130 4303 sive
1171 4237 1714 4320 significationum
1763 4237 1928 4302 idem
1973 4240 2037 4304 A
2082 4242 2278 4308 ctiam
