2824 4890
381 352 405 360 ·
451 327 733 393 ccmv
829 283 842 292 ⁸

444 508 571 571 ho'e
610 519 796 588 royac
846 511 902 572 V
919 518 949 570 t
991 510 1180 571 liceat
1212 509 1542 588 possidire
1584 509 1791 567 Itane
1837 523 2068 592 nepum
2108 507 2425 586 fabulam.
2470 507 2673 570 Satis

453 648 556 703 est
602 642 1069 720 exemplurum,
1118 642 1180 701 in
1223 639 1450 720 quibus
1494 647 1766 700 accentu
1810 619 1874 699 et
1915 637 2397 700 coniunctiones
2437 649 2679 702 carent

458 771 829 853 formaeque
878 773 1190 835 relativae
1233 769 1758 852 coagmentandis
1797 779 2038 832 tautum
2063 770 2410 832 enuntiatis
2453 769 2682 831 inser-

462 905 757 983 vientes,
827 913 895 966 et.
958 904 1125 967 tales
1181 906 1477 966 notiones
1537 901 1767 983 quibus
1805 922 1887 963 ne
1934 921 2097 982 opus
2137 902 2388 984 quidem
2433 913 2546 966 est
2591 861 2725 967 ad*

461 1038 825 1102 sententiae
868 1054 1182 1099 summam
1236 1034 1750 1130 percipiendam,
1822 1035 1942 1099 sed
1986 1045 2094 1098 aut
2136 1035 2217 1098 ad
2257 1037 2396 1098 eius
2456 1040 2684 1117 paullo

456 1169 920 1232 accuratiorem
981 1167 1406 1231 definitionem
1477 1177 1588 1229 aut
1647 1165 1730 1229 ad
1787 1165 2061 1249 aliquem
2118 1175 2362 1228 tantum
2421 1167 2676 1230 cultum

469 1309 890 1382 ornatumque
947 1300 1424 1380 cogitationum.
1512 1299 1681 1361 Nam
1740 1298 2002 1379 intelligi
2062 1296 2316 1379 quidem
2377 1298 2682 1379 profecto

461 1433 651 1494 etiam
699 1431 860 1494 haec
893 1440 1266 1511 potuerant:
1313 1428 1597 1509 Sequere
1641 1431 1767 1491 Ιιασ
1808 1437 2011 1508 ynula
2055 1431 2194 1491 sine
2237 1448 2354 1503 me,
2403 1449 2485 1490 en
2510 1432 2675 1491 illae

463 1564 654 1622 aedes
694 1563 838 1623 siue
880 1567 1052 1635 sunt,
1097 1564 1159 1622 ei
1197 1577 1453 1639 operam
1488 1561 1643 1619 dare
1663 1562 2029 1637 promittitis
2056 1562 2197 1620 sine
2227 1560 2496 1638 quidem,
2518 1566 2675 1640 ‘tum

468 1696 666 1756 illanc
709 1712 851 1754 esee
890 1692 1028 1754 sine
1070 1691 1244 1763 milti,
1287 1690 1434 1750 dedi
1474 1693 1535 1748 ei
1569 1693 1835 1765 quatum
1866 1692 2121 1768 quicum
2142 1695 2407 1751 aetatem
2431 1696 2675 1768 est-ique

366 1844 369 1848 ’
469 1826 607 1887 sine
642 1846 845 1887 meam
889 1833 955 1885 et
986 1841 1137 1897 una,
1188 1840 1377 1882 senes
1421 1824 1535 1901 qui
1571 1825 1834 1905 uenient
1872 1821 2012 1882 sine
2054 1822 2201 1897 hue,
2243 1827 2271 1882 i
2302 1825 2484 1884 uobis
2511 1845 2680 1900 ape-

463 1960 636 2021 rient
671 1955 813 2017 sine
855 1976 987 2018 rem
1010 1977 1034 2016 .-
1076 1956 1225 2017 item
1266 1973 1442 2017 nune
1485 1956 1606 2015 Ιιοσ
1648 1961 1837 2031 royat
1873 1953 2013 2016 sine
2048 1963 2185 2029 κου’,
2232 1963 2298 2016 et
2335 1958 2673 2033 poesz'dere

359 2076 366 2080 ’
465 2103 696 2146 nomen
733 2086 1023 2167 fabulam
1067 2085 1210 2147 sine
1252 2087 1461 2147 launo:
1506 2104 1715 2167 neque
1756 2087 1918 2149 enim
1969 2085 2050 2148 de
2090 2086 2214 2150 alia
2258 2087 2383 2148 nisi
2426 2084 2509 2148 de
2541 2089 2673 2148 Ιιασ

465 2219 685 2282 fabula
728 2220 999 2301 eogitari
1041 2228 1282 2301 potest,
1334 2237 1459 2281 nec
1497 2218 1578 2282 de
1620 2219 1786 2300 aliis,
1844 2236 2006 2300 quos
2051 2229 2245 2300 roget
2294 2226 2506 2298 poeta,
2556 2216 2683 2281 uisi

470 2350 553 2414 de
595 2352 753 2431 ipsis
797 2353 1306 2433 spectatoribus:
1363 2360 1586 2415 contra
1628 2372 1753 2414 non
1798 2351 2046 2432 aliquod
2085 2370 2338 2431 nomen,
2384 2349 2503 2411 sed
2550 2351 2677 2411 hoe

465 2506 653 2549 uuum
696 2496 950 2570 praeter
991 2488 1231 2570 reliqua
1272 2487 1478 2548 omnia
1518 2502 1681 2547 suae
1724 2484 1863 2547 vult
1902 2485 2159 2546 fabulae
2202 2485 2456 2565 imponi,
2501 2501 2671 2565 qua-

469 2630 725 2700 propter
781 2639 907 2682 non
963 2579 1136 2681 mim
1177 2619 1300 2678 hoe
1343 2614 1467 2677 uo'e
1509 2621 1696 2692 νομαί
1735 2613 1843 2675 illa
1884 2612 2260 2676 collocanda
2301 2621 2486 2675 erant
2528 2632 2673 2675 cum

476 2750 817 2829 PalatiniS,
859 2747 978 2810 sed
1021 2765 1166 2810 cum
1213 2745 1637 2809 Ambrosiano
1681 2743 1856 2805 nu'ne
1909 2764 2029 2805 uos
2067 2741 2190 2804 Ιιόσ
2248 2750 2447 2820 roqat.
2538 2742 2675 2806 Sed

470 2886 659 2947 etiam
705 2884 912 2964 paullo
979 2881 1295 2963 longiores
1336 2880 1797 2944 vocabulorum
1855 2878 2100 2941 formae
2157 2886 2223 2939 et
2281 2844 2513 2958 suapte
2578 2877 2673 2938 si-

464 3014 877 3095 gnificatione
907 3014 1233 3094 aliquanto
1263 3013 1599 3094 ampliores
1622 3018 1914 3076 notiones
1956 3022 2167 3075 tamen
2208 3012 2298 3073 ita
2325 3028 2401 3073 se
2428 3009 2671 3072 habere

471 3145 553 3208 ad
599 3144 792 3208 totius
839 3145 1145 3208 enuntiati
1185 3149 1286 3207 sui
1328 3146 1634 3208 rationem
1680 3153 1970 3226 possunt,
2039 3153 2106 3206 ut
2146 3141 2333 3204 huius
2376 3159 2672 3204 summae

474 3279 716 3342 nullum
760 3286 870 3341 aut
914 3277 1333 3359 perexiguum
1374 3277 1624 3357 pondus
1665 3275 1931 3339 addant:
2001 3296 2039 3338 e
2082 3294 2209 3357 quo
2252 3274 2668 3356 consequitur

478 3419 548 3472 ut
589 3409 973 3474 delitescere
1016 3412 1076 3472 in
1121 3410 1286 3473 thesi
1329 3414 1668 3491 potuerint.
1694 3411 1835 3472 Sic
1876 3410 1935 3470 in
1979 3409 2075 3470 his
2099 3427 2162 3469 v.
2203 3409 2307 3470 142
2353 3407 2671 3481 Οιιοκὶαιι

471 3541 537 3603 ei
574 3547 686 3622 qui
725 3563 824 3603 me
883 3544 1085 3603 aleret
1140 3542 1241 3604 nil
1299 3546 1537 3605 uideo
1600 3543 1743 3605 ἐσσε
1808 3544 2049 3616 relicui,
2086 3526 2352 3605 vtantilla
2409 3542 2516 3602 vis
2576 3550 2676 3602 est

469 3673 653 3734 uideo
697 3673 1008 3750 notionis,
1076 3680 1147 3735 ut
1197 3674 1363 3735 nullo
1421 3672 1623 3753 ipsius
1680 3675 2041 3735 sententiae
2096 3672 2478 3733 detrimento
2535 3676 2677 3733 siue

471 3807 659 3865 uideo
699 3803 823 3866 dici
867 3807 1141 3886 potuerit
1184 3810 1483 3887 quoniam
1527 3808 1590 3867 ei
1628 3805 1797 3865 nihil
1834 3810 1934 3865 est
1978 3804 2224 3863 relicui.
2286 3803 2449 3863 Item
2489 3821 2555 3860 v.
2598 3801 2676 3861 54

467 3956 583 4018 pro
618 3936 717 3998 his
760 3937 1062 3999 Omnibus
1104 3942 1344 4011 amicis,
1392 3938 1565 4017 quod
1602 3936 1766 3996 milti
1840 3934 1973 4007 est,
2022 3954 2059 3994 c
2084 3938 2278 4012 apio
2335 3952 2483 3993 esse
2533 3937 2676 3993 item

472 4065 704 4129 licebat
746 4066 1039 4147 profecto
1086 4067 1279 4128 etiam
1323 4064 1460 4127 sine
1506 4069 1691 4143 cupio
1751 4065 1930 4126 velut
1988 4064 2123 4127 siet
2187 4064 2481 4124 omnibus
2518 4064 2677 4124 iden·

479 4202 568 4259 sit
608 4201 780 4279 quod
819 4201 989 4262 milti.
1054 4197 1184 4261 Vel
1229 4216 1293 4259 v·
1338 4196 1465 4260 859
1507 4198 1705 4261 Νάηο
1748 4218 1864 4275 eqo
1904 4196 1972 4258 si
2005 4204 2294 4277 potero
2336 4215 2680 4259 ornamen-
