2824 4890
2017 356 2275 422 LXXV

146 565 193 606 v.
227 545 331 609 977
388 549 811 622 recharmida,
886 554 1052 633 quod
1119 567 1298 620 esset
1358 546 1604 621 ‘rursus
1659 559 1849 622 indue
1909 558 2272 623 Charmidis

140 670 475 756 personam‘:
543 684 642 749 cui
701 702 845 746 cnm
913 689 1291 751 contrarium
1354 689 1687 753 dicendum
1752 692 1983 772 fucrit,
2045 694 2277 775 requiri

132 812 592 878 decharmida
649 818 1037 902 intelligitur.
1096 854 1177 867 —
1264 823 1503 887 Contra
1554 845 1592 887 e
1638 825 1934 889 librorum
1978 830 2277 912 vestigiis

129 961 175 1002 v.
209 943 316 1007 912
351 948 714 1011 suscitatum
761 961 1460 1016 recommentatus
1504 975 1627 1017 non
1670 956 1816 1036 plus
1862 957 2273 1027 dubitationis

125 1072 280 1138 habet
310 1095 484 1158 quam
529 1081 728 1144 tribus
774 1092 923 1164 post
969 1087 1267 1149 versibus
1315 1091 1589 1169 positum
1636 1084 2161 1156 recomminfisoor.
2187 1128 2272 1141 —-

124 1208 320 1274 Misere
357 1215 740 1297 languebant
783 1237 979 1281 versu
1021 1207 1465 1305 οἷμετρωτάτῳ
1509 1223 1670 1288 1118
1707 1222 1921 1289 iuncta
1962 1229 2268 1310 adaequi-

125 1346 206 1402 tur
234 1346 625 1426 eubeequitur
665 1352 905 1431 verba,
962 1372 1235 1435 quorum.
1273 1356 1445 1434 prius
1491 1377 1572 1419 ne
1614 1360 1978 1440 exemplum
2023 1359 2271 1440 quidem

121 1471 269 1538 habet
305 1479 735 1545 intransitivae
777 1485 1310 1566 significationis:
1352 1452 1717 1556 adsecue
1756 1501 2045 1575 sequitur
2083 1501 2267 1576 posui

120 1614 254 1677 (num
292 1616 401 1675 sub
441 1622 665 1676 natum
711 1636 748 1678 e
790 1623 1096 1700 contiguo
1148 1626 1353 1698 subit)
1415 1645 1659 1690 memor
1700 1629 1975 1692 Plautini
2034 1648 2268 1694 versus

116 1743 243 1823 apud
280 1746 627 1813 Varronem
674 1749 754 1814 de
794 1752 840 1815 l.
889 1754 994 1815 lat.
1033 1771 1146 1834 vl,
1181 1755 1265 1818 ‘73
1308 1760 1642 1838 praeclare
1703 1761 1783 1824 ab
1843 1761 2261 1827 Lachmanno

118 1880 377 1945 emendati
417 1887 480 1947 in
526 1887 867 1950 Welckeri
889 1890 1249 1974 Naekiiqne
1280 1893 1455 1955 MuS.
1486 1892 1631 1974 phil.
1662 1894 1784 1959 uh.
1835 1902 1877 1959 t.
1903 1911 1995 1976 vr,
2026 1913 2083 1974 p.
2111 1892 2266 1956 120:

112 2028 175 2069 ne
216 2034 459 2094 sequere
514 2020 796 2080 adsume
836 2021 1259 2099 Polybadisca
1303 2044 1356 2089 e.
1402 2044 1461 2106 q.
1505 2043 1558 2092 s,
1611 2054 1692 2069 -·-
1778 2026 2104 2109 Negatum
2164 2033 2269 2088 est

110 2150 381 2209 auctorem
442 2148 686 2212 habere
748 2169 1041 2212 numne
1058 2196 1083 2227 ,
1159 2159 1455 2235 quamvis
1523 2155 2004 2238 frequententur
2072 2174 2259 2228 anne,

108 2278 392 2337 utrumne:
430 2276 581 2339 illud
626 2277 853 2358 scripsi
901 2297 964 2339 v.
1008 2280 1151 2355 922,
1201 2287 1328 2346 etsi
1371 2294 1696 2364 potueram
1742 2276 2066 2358 numnam,
2117 2290 2265 2368 quia
2324 2306 2328 2311 ·

112 2410 266 2470 unum
304 2409 359 2471 in
400 2419 703 2493 promptu
748 2420 852 2476 est
893 2420 1139 2476 certum
1182 2416 1543 2518 exemplum
1588 2417 1850 2481 Poenuli
1900 2435 1969 2499 v,
2011 2417 2088 2496 2,
2121 2418 2261 2502 119,

111 2536 189 2601 ubi
223 2545 372 2624 quod
416 2549 732 2630 vulgatur

350 2711 365 2715 -
397 2681 487 2743 Et
531 2690 601 2743 te
641 2682 881 2745 moneri
922 2702 1068 2746 num
1118 2681 1348 2749 uenis?
1390 2715 1471 2728 —
1513 2686 1688 2749 Sane
1735 2688 1918 2751 uolo:

108 2811 373 2874 sententia
414 2813 559 2894 ipsa
605 2813 853 2895 flagitat
894 2822 961 2876 ut
1005 2814 1063 2877 in
1109 2834 1348 2877 numne
1389 2821 1496 2878 m‘s
1539 2826 1834 2880 mutetur.
1865 2851 1936 2863 --
1981 2821 2265 2901 Nempe

106 2943 271 3001 enim
318 2960 517 3005 ausus
578 2961 722 3005 sum
784 2908 1138 3025 quanquam
1186 2945 1555 3026 posterioris
1607 2948 1930 3013 latinitatis
1972 2952 2260 3015 anctori-

107 3071 210 3130 tate
249 3091 303 3133 v.
322 3073 394 3137 61
442 3074 875 3157 introducere,
920 3076 1034 3138 sed
1068 3086 1131 3139 et
1155 3078 1236 3140 ad
1260 3081 1700 3161 Megaronidis
1746 3102 2006 3148 sensum
2049 3087 2259 3166 aptis-

107 3201 233 3263 sime
273 3217 331 3270 et
372 3209 521 3272 alibi
569 3185 819 3292 quoque
856 3222 1358 3293 permutatarum
1402 3238 1708 3300 namque,
1757 3240 1994 3302 neque,
2041 3241 2265 3301 nempe

103 3347 289 3398 vocum
329 3346 427 3411 (nt
466 3360 541 3404 v.
582 3340 735 3414 2⁸78)
781 3348 1110 3427 exemplo:
1156 3367 1300 3411 nam
1345 3349 1512 3433 qnod
1557 3352 1693 3415 libri
1736 3350 2028 3432 produnt,
2068 3372 2263 3450 nann-

103 3479 198 3536 ‘We
233 3475 426 3548 enim,
487 3493 829 3556 numquam
890 3476 1174 3543 adducar
1229 3491 1296 3545 ut
1351 3483 1608 3546 delendi
1662 3501 1857 3564 posse
1900 3488 2051 3563 quia
2089 3490 2258 3548 enim
2303 3489 2312 3498 '

105 3598 501 3670 particularum
547 3609 1021 3673 consociatione
1064 3622 1293 3693 putem,
1343 3634 1510 3696 quae
1550 3623 1648 3676 est
1681 3613 2142 3680 diversissima.
2176 3652 2258 3665 —

102 3719 576 3799 Reconditiorem
622 3746 947 3803 sectius
982 3762 1107 3824 pro
1146 3751 1361 3809 secius
1404 3748 1698 3831 formam,
1747 3754 1853 3813 cui
1880 3750 2068 3814 fidem
2100 3752 2261 3817 facit

99 3853 367 3929 Varronis
419 3869 590 3951 apud
652 3869 924 3936 Gellium
969 3894 1177 3946 xvm,
1217 3880 1260 3941 9
1319 3882 1793 3964 testimonium,
1857 3902 1982 3946 non
2042 3883 2259 3948 dubito

98 3994 222 4070 quin
255 4001 460 4067 5213ss
500 4008 1136 4093 vere-indagaverim
1183 4014 1244 4075 in
1288 4015 1588 4077 librorum
1630 4016 1929 4078 memoria
1970 4025 2256 4094 secutus,

99 4142 413 4214 quanquam
483 4160 559 4202 eo
623 4142 760 4222 ipso
819 4145 1383 4209 Menaechmornm
1450 4153 1551 4228 (v,
1594 4147 1663 4228 7,
1701 4148 1817 4217 57)
1876 4149 2059 4230 loco,
2128 4169 2257 4233 quo

101 4261 259 4328 utitur
279 4269 510 4358 Varro,
555 4298 679 4341 non
720 4289 1045 4343 servatam
1088 4285 1150 4343 in
1195 4285 1434 4344 nostris
1478 4280 1672 4344 libris.
1756 4282 1903 4348 Nec
1944 4284 2086 4348 alibi
2117 4286 2257 4350 eius
