2824 4890
2208 333 2332 396 hv

186 520 462 583 Fridorici
521 516 862 584 Gnosovu
922 534 1117 599 opera
1162 518 1323 596 fnit,
1390 518 1575 580 cuius
1622 518 1972 602 recognitio
2031 520 2333 598 vulgatae

177 674 376 717 nomen
417 653 665 716 invenit.
756 654 854 715 De
897 654 1123 733 quibus
1156 669 1271 714 cur
1313 653 1398 713 ita
1438 652 1831 715 sentiendum
1876 656 1984 729 sit,
2026 655 2186 715 satis
2206 671 2334 715 ex-

176 793 331 873 posui
381 792 416 852 l.
456 809 510 853 s.
554 809 605 853 s.
665 812 726 873 p.
771 792 897 854 527
939 808 1082 871 sqq.
1141 790 1267 852 563
1309 809 1451 872 sqq.
1561 791 1661 852 Ex
1726 790 1984 871 reliquis
2049 792 2336 850 criticam

178 944 402 1006 opernm
455 926 680 988 Plauto
739 943 1011 1005 eamque
1071 945 1194 986 non
1256 941 1382 985 una
1441 921 1523 985 de
1579 939 1817 983 caussa
1868 920 2333 982 memorabilem

172 1059 281 1121 duo
318 1061 425 1121 soli
468 1067 821 1140 naverunt,
864 1058 1249 1120 Francisous
1294 1056 1628 1121 vamvs
1670 1064 1734 1117 et
1781 1057 1853 1119 F.
1902 1058 1984 1117 H.
2030 1058 2330 1119 Bormvs

169 1200 433 1272 nostras,
486 1191 729 1273 ingenii
786 1198 853 1251 et
903 1208 1031 1252 usu
1078 1198 1143 1251 et
1184 1191 1388 1253 abusu
1450 1191 1714 1254 similes.
1799 1193 1901 1253 De
1945 1192 2170 1272 quibus
2216 1210 2338 1253 non

171 1325 352 1388 dubito
386 1325 532 1407 quin
574 1324 740 1386 satis
780 1322 1129 1386 honorifice
1174 1341 1481 1386 sensurus
1523 1325 1651 1406 sit,
1698 1326 1800 1406 qui
1847 1344 1930 1387 ex
1973 1325 2341 1387 connotatio-

176 1457 252 1518 nis
284 1465 507 1519 tantum
554 1464 820 1519 nostrae
859 1456 1243 1517 testimoniis
1289 1453 1595 1518 iudicium
1643 1454 1870 1519 faciat:
1913 1465 2042 1518 tam
2087 1455 2194 1516 vel
2235 1454 2342 1517 fe-

176 1589 331 1652 liciter
370 1590 636 1652 inventa
678 1590 784 1651 vel
826 1588 1121 1652 sollerter
1164 1587 1537 1668 excogitata
1579 1586 1660 1649 ad
1694 1587 1834 1649 illos
1860 1587 2079 1649 referri
2106 1587 2338 1651 viderit

170 1742 270 1784 non
308 1725 463 1786 adeo
505 1740 742 1804 pauca.
784 1721 920 1783 Sed
963 1718 1304 1783 eorundem
1350 1718 1761 1800 reputandum
1809 1727 1912 1781 est
1937 1719 2129 1803 longe
2161 1721 2341 1802 plura

164 1869 483 1921 commenta
540 1856 733 1919 nobis
777 1853 1048 1917 tacenda
1092 1854 1344 1935 fuisse,
1407 1852 1638 1936 quibus
1695 1871 1898 1934 saepe
1955 1852 2334 1936 temerariis,

163 2008 333 2072 saepe
371 1993 723 2075 imperitis,
783 2008 1233 2072 nonnunquam
1277 1990 1730 2054 incredibiliter
1775 1996 2102 2072 perversis
2145 2001 2342 2074 atque

163 2127 301 2189 adeo
342 2128 733 2210 portentosis
772 2161 856 2173 —
899 2146 1023 2188 non
1081 2144 1344 2208 possum
1401 2126 1566 2187 enim
1625 2125 1999 2189 clementius
2054 2127 2339 2189 iudicare

160 2291 231 2305 —·
271 2262 487 2325 bonum
541 2263 844 2324 Plautum
900 2260 1484 2323 commacularuntt
1536 2266 1663 2320 tem
1720 2258 1875 2319 miro
1931 2257 2021 2319 illi
2079 2265 2338 2338 tempe-

157 2402 409 2457 ramento
449 2412 626 2457 sana
683 2392 968 2456 futilibus
1013 2393 1424 2455 miscuerunt.
1510 2390 1766 2472 Quippe
1826 2391 1889 2453 in
1953 2391 2182 2472 quibus
2240 2392 2342 2455 in-

159 2527 383 2605 genium
430 2535 496 2590 et
553 2542 855 2606 acumen,
918 2541 1026 2586 ars
1069 2542 1202 2586 non
1243 2524 1364 2587 suit
1406 2530 1475 2586 et
1516 2523 1864 2604 disciplina.
1951 2523 2344 2604 Praecipuae

161 2667 342 2722 antem
384 2661 478 2723 eis
516 2657 731 2721 fraudi
772 2658 1099 2721 metricum
1141 2675 1353 2739 genus
1393 2675 1585 2718 omne
1627 2655 1786 2719 fuiti
1835 2658 2021 2716 cuius
2051 2654 2171 2716 etsi
2198 2655 2344 2718 lau·-

160 2786 406 2854 dandnm
477 2798 593 2853 cst
656 2788 822 2871 quod
891 2806 1033 2852 raro
1100 2789 1265 2851 inter
1327 2787 1588 2849 criticos
1655 2788 1992 2850 Plautinos
2056 2790 2347 2871 exemplo

166 2929 386 2990 omuino
451 2929 770 2991 rationem
833 2943 988 2988 esse
1048 2923 1405 2987 habendam
1472 2923 1963 3005 intellexerunt,
2032 2922 2345 3004 quaedam

162 3063 345 3118 nutem
370 3101 391 3139 ,
457 3062 526 3121 in
601 3057 874 3118 senariis
931 3056 1372 3138 potissimum,
1439 3060 1907 3135 perspexerunt
1973 3053 2347 3130 rectissime,

163 3194 345 3252 tamen
386 3189 587 3253 modo
628 3190 690 3250 in
736 3187 1149 3251 concedendo
1194 3185 1399 3248 modo·
1427 3186 1488 3246 in
1535 3181 1943 3266 improbando
1999 3187 2170 3248 nimii
2213 3185 2342 3248 fal-

162 3321 358 3402 nisque
402 3319 785 3405 quibusdam
835 3321 1229 3402 opinionibus
1270 3318 1624 3401 praepediti
1667 3338 1868 3401 saepe
1911 3338 2127 3382 eorum
2166 3321 2349 3400 ipso-

169 3467 287 3513 rum
332 3471 667 3534 versuum,
712 3471 977 3533 quorum
1018 3452 1473 3514 reconcinnare
1514 3469 1873 3514 mensurum
1920 3452 2188 3535 vellent,
2223 3469 2351 3515 nu-

166 3599 357 3646 meros
398 3589 827 3648 miserrimum
878 3586 937 3647 in
980 3585 1232 3647 modum
1278 3595 1731 3666 corruperunt,
1791 3603 1874 3650 ac
1923 3604 2048 3649 non
2091 3586 2348 3650 multum

166 3713 350 3779 abfuit
407 3719 560 3799 quin
615 3719 911 3781 Plautum
968 3737 1051 3780 ex
1108 3720 1340 3781 Plauto
1397 3719 1809 3799 expellerent.
1918 3720 2019 3782 De
2080 3718 2344 3801 Gnyeto

164 3845 533 3914 documento
585 3869 737 3912 esse
780 3854 1033 3914 cantica
1075 3851 1421 3912 'l'rinummi
1465 3858 1774 3932 possunt,
1830 3870 2094 3932 prorsus
2140 3854 2351 3914 incre-

167 3976 323 4042 dibili
363 3982 614 4044 libidine
660 3980 739 4044 ab
782 3983 882 4043 illo
928 3980 1305 4046 dilaceratnz
1348 3980 1432 4044 de
1455 3982 1659 4044 Bothii
1696 3982 1921 4063 triplici
1965 4001 2118 4044 curn
2148 3984 2348 4045 Plau-

168 4110 282 4174 tina
322 4114 710 4195 explicatius
752 4114 874 4177 iam
916 4116 1063 4177 olim
1110 4113 1389 4177 iudicavi
1428 4116 1465 4176 l.
1507 4133 1561 4176 s.
1606 4132 1662 4175 s.
1707 4134 1767 4195 p.
1794 4112 1922 4175 566
1954 4132 2091 4194 sqq.
2141 4114 2349 4177 Prae-

170 4251 331 4309 terea
359 4249 529 4312 aliud
557 4258 661 4313 est
698 4269 927 4332 genus,
968 4250 1033 4314 in
1054 4269 1180 4333 quo
1208 4249 1583 4312 temeritatis
1614 4257 1911 4330 tanquam
1937 4247 2352 4331 principatum
