2824 4890
521 332 878 396 LXXXIV

522 516 710 580 valde
767 513 1171 597 probabiliter
1231 520 1588 576 correctum
1657 523 1764 573 est
1830 516 2245 592 aequiperem.
2357 512 2485 576 Sed
2543 522 2682 592 esto,

524 650 980 713 intransitivam
1044 650 1171 710 vim
1234 656 1491 709 tueatur
1553 646 1922 710 Pacuvius:
1993 656 2057 710 at
2111 648 2196 711 ita
2253 649 2315 711 in
2374 650 2682 711 Trinummi

521 799 713 844 versu
760 779 905 842 illud
945 779 1175 842 saltem
1220 797 1342 840 non
1388 775 1722 840 tacendum
1772 776 2017 857 fuerat,
2063 796 2229 858 quae
2272 777 2520 841 tandem
2557 776 2610 842 h.
2636 794 2683 836 e.

522 915 704 977 cuius
748 910 910 974 fides
953 912 1098 974 nulli
1147 907 1572 990 comparanda
1631 917 1847 985 esset,
1909 909 2309 972 scribendum
2365 911 2551 993 igitur
2595 916 2687 971 ma

518 1068 633 1133 pro
703 1069 934 1129 suurn,
996 1057 1260 1110 externa
1319 1046 1756 1128 probabilitate
1809 1046 2131 1109 mediocri.
2217 1048 2462 1111 Verum
2503 1067 2576 1110 ne
2614 1047 2693 1109 sio

522 1184 772 1269 quidem
814 1186 920 1246 vel
964 1184 1023 1245 in
1071 1182 1429 1265 Plautinum
1476 1178 1765 1261 loquendi
1814 1199 2050 1242 morem
2096 1180 2245 1243 illud
2291 1182 2601 1262 convenit,
2639 1186 2692 1240 ut

523 1320 678 1383 nulli
717 1318 948 1381 homini
997 1314 1421 1402 comparanda
1465 1331 1617 1376 esse
1661 1313 1945 1376 Calliclis
1989 1312 2152 1376 {ides
2201 1315 2448 1379 dicatur
2489 1332 2593 1398 pro
2632 1331 2694 1373 eo
2783 1298 2784 1325 ³

525 1450 694 1533 quod
737 1457 836 1512 est
881 1435 1128 1509 ‘nullius
1168 1446 1441 1508 hominis
1486 1433 1672 1528 fidei’,
1725 1448 1829 1508 vel
1893 1448 1956 1508 in
2013 1448 2357 1529 legitimam
2404 1440 2695 1528 cogitandi

523 1586 830 1648 rationem
872 1583 1029 1662 hoc,
1078 1588 1186 1661 ut,
1245 1580 1428 1642 cuius
1472 1578 1843 1660 praedicare
1888 1579 2075 1642 fidem
2123 1581 2437 1662 velimus,
2496 1579 2697 1644 nullius

523 1716 1009 1798 comparandam
1056 1732 1206 1775 esse
1245 1711 1391 1774 fidei
1439 1711 1722 1772 dicamus
1763 1712 1974 1791 potius
2026 1730 2211 1792 quam
2258 1715 2496 1776 nullius
2540 1710 2700 1773 fidem

533 1868 675 1914 cum
720 1848 823 1909 illa
864 1836 1373 1924 comparandam.
1460 1844 1604 1904 Hae
1663 1844 1855 1925 igitur
1911 1863 2013 1904 me
2069 1861 2348 1908 caussae
2403 1849 2708 1909 moverunt

531 1987 600 2041 ut
644 1973 1037 2039 confidenter
1078 1972 1176 2033 sic
1217 1989 1575 2052 repararem
1625 1973 1980 2036 Plautinam
2031 1975 2452 2054 elegantiam:

661 2108 911 2187 Quoius
956 2106 1117 2170 fides
1159 2072 1557 2191 fidelitasque
1599 2111 1869 2174 amicum
1919 2129 2075 2195 erga
2120 2115 2499 2197 aequiperet
2543 2118 2707 2172 luam.

527 2242 782 2304 Nullam
843 2249 1054 2302 autem
1119 2240 1307 2303 fidem
1371 2241 1563 2303 habet
1608 2261 1670 2303 v.
1713 2241 1875 2305 1153
1921 2264 1958 2305 a
1997 2246 2210 2309 Nonio
2271 2246 2535 2328 prodita
2577 2260 2713 2306 con·

526 2377 790 2439 structio
850 2380 1160 2456 diqnua
1212 2379 1485 2455 salutis,
1556 2380 1849 2458 exemplo
1906 2378 1966 2439 in
2023 2387 2119 2440 tot
2174 2382 2433 2444 milibus
2477 2390 2716 2464 prorsus

531 2507 854 2590 singulari.
942 2508 1179 2569 Natum
1223 2505 1376 2569 illud
1417 2505 1560 2568 inde
1605 2506 1816 2589 quod,
1887 2525 2029 2571 cum
2078 2526 2277 2572 verus
2324 2510 2489 2573 ordo
2535 2510 2719 2572 salute

525 2644 807 2721 dignus.-
858 2647 1043 2704 immo
1105 2660 1260 2705 casu
1305 2642 1599 2705 turbatus
1642 2644 1702 2703 in
1744 2645 1981 2720 diqnua
2025 2644 2278 2705 salute:
2326 2650 2524 2706 immo
2566 2655 2721 2706 tran·

528 2781 748 2858 sisset,
795 2741 1107 2838 tollendus
1152 2793 1304 2838 esse
1346 2777 1561 2839 hiatus
1604 2776 1957 2840 videbatur.
2043 2778 2430 2860 Quanquam
2478 2782 2542 2843 ei
2580 2774 2724 2842 scri-

531 2913 691 2993 ptori
755 2913 865 2991 qui
924 2912 1178 2973 nimiam
1244 2912 1499 2973 omnino
1570 2911 1756 2974 fidem
1823 2911 2064 2976 habeas
2093 2957 2115 2995 ,
2181 2930 2374 2994 quem
2435 2914 2725 2977 demirere

536 3046 726 3107 etiam
797 3044 918 3103 Ιιοσ
971 3048 1180 3105 aelate
1233 3061 1269 3103 e
1323 3063 1386 3108 v.
1436 3042 1604 3105 1090
1668 3043 1900 3105 afferre
1959 3053 2024 3106 ut
2082 3045 2432 3108 masculini
2490 3039 2730 3127 generis
2783 3109 2784 3116 ἵ

535 3171 939 3254 exemplum:
1003 3188 1192 3252 quam
1256 3189 1381 3254 ego
1431 3173 1803 3254 scripturam
1867 3192 1906 3234 e
1947 3182 2318 3254 comparata
2386 3177 2518 3238 hoc
2573 3178 2734 3236 aeta-

531 3314 619 3370 tis
663 3312 1138 3373 construetione
1182 3319 1380 3372 ortam
1423 3318 1596 3391 puto.
1645 3341 1730 3355 —
1785 3309 1935 3371 Vno
1980 3308 2179 3371 verbo
2221 3316 2506 3390 tangam
2551 3306 2734 3369 falsas
2783 3365 2784 3368 ,

526 3443 727 3502 idem
787 3440 1170 3521 pronominis
1219 3438 1764 3519 constructiones,
1825 3448 2129 3501 revocata
2183 3442 2373 3499 item
2439 3435 2739 3523 particula

536 3571 910 3636 emendatas
956 3592 1021 3635 v.
1061 3572 1164 3638 54.
1211 3571 1389 3636 1163.
1441 3571 1619 3634 1179.
1666 3604 1747 3616 -·
1834 3572 2170 3635 Postremo
2213 3573 2468 3656 aliquid
2517 3589 2741 3656 expro-

529 3723 697 3767 mam
757 3715 823 3765 et
882 3705 1255 3787 exquisitius
1317 3721 1441 3766 nec
1505 3705 1565 3765 in
1635 3722 1842 3767 meam
1898 3704 2148 3767 laudem
2210 3707 2479 3770 valens.
2587 3707 2742 3770 Nam

529 3856 695 3920 quae
739 3837 798 3898 in
843 3838 1084 3920 vulgus
1123 3834 1261 3897 sola
1302 3836 1560 3918 cognita
1601 3842 1705 3897 est
1747 3836 2186 3915 particularum
2228 3840 2374 3897 sive
2420 3832 2643 3924 sem)
2684 3865 2747 3881 -

526 3976 662 4032 aive
708 3965 910 4054 (seu)
956 3968 1353 4048 coniunctio,
1405 3966 1830 4049 comparanda
1872 3987 1950 4030 ea
1989 3969 2246 4051 graecis
2291 3966 2451 4034 εἴτε
2498 4005 2586 4018 -
2632 3965 2753 4033 εἴτε

531 4102 873 4185 particulis,
918 4118 1059 4163 eam
1099 4118 1249 4163 sero
1289 4100 1575 4163 intellexi
1615 4100 1675 4162 in
1723 4100 1990 4163 eandem
2019 4107 2263 4182 partem
2287 4105 2555 4169 variari
2579 4113 2757 4187 atque

534 4228 596 4297 εἰ
639 4269 715 4280 -
759 4231 896 4296 εἴτε
941 4244 1042 4297 est
1084 4252 1122 4295 a
1165 4229 1441 4296 Graecis
1488 4233 1743 4296 dictum.
1830 4234 2029 4297 Plana
2072 4244 2334 4298 exstant
2359 4278 2387 4318 ,
2437 4249 2519 4303 ut
2562 4241 2631 4303 in
2671 4238 2760 4300 his
