2824 4890
2177 341 2338 406 xlx

164 511 347 575 Vides
389 514 548 578 baec
595 514 682 575 ita
733 523 1099 595 comparata
1143 531 1337 595 esse,
1400 526 1466 578 ut
1524 515 1604 579 de
1650 518 1876 582 lacuna
1932 522 2338 601 cogitandum

152 660 319 713 esset
359 651 546 713 etiam
597 650 740 712 sine
784 651 907 712 ullo
958 651 1361 712 Ambrosiani
1406 646 1650 714 codicis
1693 651 1939 715 indicio.

314 785 478 849 Cum
534 788 767 850 certior
828 788 1329 871 demonstratio,
1399 797 1532 849 tum
1601 790 1899 852 incertior
1964 790 2337 853 instauratio

142 926 240 979 est
295 920 356 979 in
420 919 848 982 fasciculo
885 920 1139 985 LVm:
1205 925 1395 983 cuius
1453 938 1572 984 sex
1631 922 2035 983 membranae
2090 922 2338 984 mediae

135 1067 205 1111 en
267 1050 892 1134 complectebantur,
963 1071 1124 1134 quae
1186 1057 1350 1116 inter
1403 1075 1466 1115 v.
1509 1053 1635 1119 863
1682 1064 1747 1118 et
1794 1056 1957 1117 1045
2012 1056 2342 1118 interiecta

136 1195 299 1248 sunt.
391 1187 733 1266 Leguntur
790 1191 1055 1250 nuncin
1108 1208 1187 1250 ea
1230 1197 1414 1269 parte
1456 1191 1722 1269 primum
1770 1208 2068 1254 cxxxnn.
2113 1201 2341 1273 septe-

136 1319 314 1398 narii,
378 1317 613 1381 deinde
646 1338 707 1381 x.
744 1322 996 1397 senarii,
1047 1331 1367 1402 postremo
1406 1340 1653 1384 rursum
1694 1325 2034 1404 septenarii
2073 1345 2306 1389 xxxvii

134 1452 359 1531 quibus
404 1451 699 1532 quoniam
744 1462 1011 1535 propter
1055 1471 1293 1515 scenae
1335 1457 1748 1515 mutationem
1791 1456 1891 1516 bis
1935 1458 2171 1520 factam
2220 1477 2340 1521 ac-

134 1584 365 1646 cedunt
431 1591 734 1663 quattuor
795 1600 1104 1644 versuum
1171 1584 1421 1663 spatia:
1481 1584 1819 1666 (largimur
1878 1590 2041 1649 enim
2103 1609 2334 1654 novam

136 1680 422 1776 scenam*
461 1731 500 1775 a
556 1732 620 1773 v.
664 1712 791 1775 998
850 1730 993 1774 cum
1055 1712 1314 1794 reliquis
1374 1713 1557 1778 bonis
1617 1716 1791 1779 libris
1849 1720 2336 1787 Ambrosianum

129 1867 430 1910 exorsum
477 1864 675 1928 esse,
734 1863 1089 1928 quanquam
1144 1845 1204 1908 id
1252 1847 1382 1909 lieri
1429 1855 1686 1928 praeter
1742 1850 2050 1915 rationem
2095 1872 2331 1918 cense-

132 2003 270 2047 mus
294 1989 349 2056 z]
408 1984 614 2045 habes
669 2002 905 2047 versus
948 2002 1273 2048 cmxxxv„
1323 1986 1522 2067 Atqui
1568 1983 1647 2046 ad
1696 1985 2023 2051 duodecim
2070 1997 2343 2073 paginas

136 2113 491 2196 explendas
533 2133 679 2177 cum
726 2134 1043 2182 ccxxvm.
1088 2121 1389 2182 versibus
1434 2140 1593 2202 opus
1645 2123 1769 2203 sit,
1828 2125 2171 2190 videndum
2228 2139 2333 2192 est

130 2244 207 2308 de
249 2265 531 2311 xxxxm.
578 2250 682 2329 qni
727 2247 984 2312 detinnt.
1073 2253 1139 2312 ln
1185 2269 1400 2316 enxxr.
1447 2254 1787 2321 trochaicis
1828 2272 2332 2326 consentaneum

138 2386 236 2439 est
281 2380 545 2441 circiter
585 2395 772 2444 xvm.
816 2379 1018 2442 fuisse
1062 2381 1383 2465 longiores
1446 2404 1630 2469 quam
1683 2409 1798 2470 pro
1857 2397 2045 2456 unius
2101 2414 2335 2464 versus

130 2509 415 2572 modulo:
484 2510 693 2572 fuisse
749 2529 1046 2589 xxxmn,
1116 2514 1287 2577 credi
1345 2517 1518 2580 nullo
1585 2529 1775 2601 pacto
1839 2532 2075 2602 potest.
2160 2528 2339 2610 Ergo

130 2644 516 2722 superstites
578 2638 770 2702 hodie
831 2652 1046 2723 partes
1091 2663 1232 2707 cum
1281 2666 1594 2713 summam
1640 2653 1916 2717 efficiant
1958 2674 2136 2723 cem.
2179 2677 2335 2723 ver-

133 2790 317 2836 suum
345 2819 363 2849 ,
430 2791 838 2856 consequens
899 2785 999 2839 est
1054 2786 1121 2839 ut
1175 2779 1426 2842 circiter
1469 2801 1626 2848 xxv.
1696 2787 1842 2865 (vel
1900 2809 2059 2855 xxn.
2116 2794 2333 2874 certe)

140 2905 586 2968 interciderint.
673 2908 757 2970 Et
800 2920 872 2972 ut
907 2911 1227 2975 liberalius
1270 2932 1497 2996 agam,
1558 2917 1663 2981 t'ac
1706 2920 2029 3003 aliquanto
2071 2928 2335 3008 saepius

141 3040 198 3101 in
239 3038 365 3100 hoc
408 3039 732 3101 fasciculo
760 3039 1052 3120 singulos
1078 3051 1484 3109 tetrametros
1512 3049 1824 3117 librarium
1855 3057 2332 3136 dispescuisse:

137 3170 243 3233 sac
285 3169 343 3232 id
388 3172 719 3254 quinquies
764 3180 1018 3253 praeter
1060 3194 1342 3241 normam
1390 3180 1630 3245 factum
1678 3204 1870 3268 esse,
1934 3190 2042 3251 fac
2093 3189 2334 3276 decies,

142 3304 245 3366 sac
306 3305 712 3388 quindecies,
773 3327 1133 3390 quanquam
1195 3311 1318 3374 hoc
1359 3334 1623 3395 prorsus
1678 3337 1829 3380 esse
1885 3323 2141 3384 nimium
2190 3328 2334 3388 exi-

143 3437 369 3518 stimo,
435 3445 811 3518 praesertim
870 3458 1014 3503 cum
1076 3452 1251 3506 tanta
1305 3451 1392 3508 sit
1447 3444 1508 3509 in
1555 3451 1977 3514 Ambrosiano
2020 3455 2172 3518 libro
2215 3477 2334 3520 ae·-

138 3571 475 3654 quabilitas
529 3572 915 3654 scripturaet
982 3585 1049 3638 at
1106 3577 1343 3659 aliquot
1406 3588 1617 3643 tamen
1677 3603 1976 3648 versuum
2031 3608 2334 3654 numerus

142 3703 549 3784 relinquitur,
606 3720 768 3782 quos
811 3704 1050 3766 deesse
1092 3707 1172 3768 ad
1218 3709 1532 3789 explenda
1577 3716 2078 3781 membranarum
2126 3723 2336 3802 spatia

141 3835 611 3899 concedendum
652 3837 754 3900 sit.
839 3838 989 3900 Nec
1032 3838 1314 3924 difficile,
1364 3844 1465 3907 ubi
1509 3846 1743 3929 aliquid
1778 3849 1964 3932 desit,
2009 3851 2148 3932 ipsa
2174 3872 2332 3915 sen-

138 3969 327 4031 tentia
380 3969 549 4033 duce
604 3970 1033 4086 inveuigare:
1092 3994 1215 4055 quo
1274 3977 1449 4040 facto
1516 3978 1904 4060 intelligetur
1962 4002 2083 4045 non
2145 4002 2332 4048 unam

142 4117 283 4166 osse
322 4100 763 4164 continuorum
812 4122 1116 4167 versuum
1174 4106 1506 4188 lacunam,
1566 4109 1682 4170 sed
1737 4111 2162 4193 compluribus
2218 4138 2333 4199 per

150 4250 395 4300 scenam
444 4252 517 4296 11.
558 4244 751 4300 actus
790 4253 886 4300 ιν.
930 4238 1090 4300 locis
1135 4238 1241 4301 vel
1284 4241 1575 4321 singulos
1606 4244 1711 4304 vel
1755 4246 2063 4323 pauculos
2106 4268 2340 4316 versun
