2824 4890
1948 368 2287 434 CLXXIII

350 543 565 625 Neque
605 541 791 609 illaec
834 545 940 609 ulti
986 545 1152 628 pede
1181 546 1408 628 pedem
1439 566 1711 627 mquam
1741 546 1977 613 homini
2017 564 2285 634 premat,

352 674 544 754 Quom
601 673 863 760 surgat,
922 698 1131 762 neque
1183 683 1298 742 illa
1357 684 1420 744 in
1470 679 1702 745 lectum
1752 682 2085 747 inscendat
2125 683 2284 766 pro-

1453 830 1747 874 xumum:

352 944 564 1027 Neque
607 943 796 1027 quom
842 944 1195 1008 descendat
1243 941 1422 1027 inde,
1470 948 1580 1010 det
1623 951 1961 1034 quoiquam
2004 917 2283 1018 manum}

350 1074 771 1156 Spectandum
818 1095 899 1138 ne
942 1078 1284 1159 quoiquam
1327 1078 1585 1145 anulum
1633 1083 1744 1146 det.
1800 1084 2010 1169 neque
2068 1101 2288 1173 roget:

345 1206 525 1271 'l'alos
572 1229 654 1271 ne
701 1210 1043 1291 quoiquam
1088 1210 1429 1274 admo'ueat
1468 1216 1714 1279 homini
1748 1215 1874 1281 nisi
1921 1220 2050 1284 tibi.

151 1353 422 1436 Aliquanto
471 1359 727 1442 propius
782 1358 865 1423 ad
925 1365 990 1421 ei
1044 1363 1226 1424 vocis
1277 1364 1748 1430 similitudinem
1811 1369 2008 1433 videri
2066 1381 2285 1454 potest

149 1485 457 1567 bisyllabum
503 1495 706 1556 huic
748 1494 1100 1557 accedere:
1143 1494 1262 1557 scd
1289 1505 1501 1559 tamen
1531 1497 1743 1579 fldem,
1784 1506 1843 1563 si
1882 1504 2031 1583 quid
2071 1506 2288 1598 video,

147 1640 209 1681 ne
245 1623 343 1689 hoc
378 1628 626 1709 quidem
674 1629 881 1694 habet.
967 1631 1138 1693 Nam
1184 1631 1717 1712 quemadmodum
1764 1639 1977 1701 launce
2018 1643 2178 1704 luove
2220 1650 2288 1705 et

146 1755 441 1821 consimiles
484 1761 733 1822 formae
775 1761 921 1823 alibi
967 1781 1008 1824 a
1051 1763 1319 1827 librariis
1362 1763 1761 1832 oblitteratae
1802 1781 1953 1834 sunt
2009 1784 2073 1837 et
2137 1794 2284 1841 cum

144 1889 340 1956 usitatis
378 1895 541 1957 launo
591 1898 712 1957 Ιιοσ
756 1907 1177 1980 permutatae,
1221 1902 1312 1964 ita
1355 1904 1507 1966 mihi
1543 1906 1793 1986 quidem
1831 1929 2096 1992 prorsus
2126 1934 2282 1996 per-

136 2035 351 2086 suasum
395 2037 487 2089 est
540 2030 738 2089 lanice
795 2047 1048 2111 quoque
1095 2051 1217 2096 non
1262 2037 1494 2116 paucis
1536 2040 1695 2103 locis
1738 2061 1851 2123 pro
1895 2045 2046 2107 huie
2088 2054 2287 2112 resti-

147 2152 392 2219 tuendum
430 2177 582 2222 esse
622 2162 728 2234 (ut
759 2178 822 2239 p.
844 2165 1072 2235 chx).
1159 2163 1300 2242 Qua
1348 2167 1551 2232 forma
1596 2178 1879 2253 reposita
1925 2185 2137 2240 actum
2185 2189 2287 2244 est

137 2281 207 2345 de
239 2283 322 2348 his
358 2293 663 2374 exemplis
702 2310 740 2354 a
785 2294 1209 2358 Fleckeiseno
1252 2298 1463 2363 allatis
1506 2304 1839 2385 Amph-11,
1867 2307 2054 2383 270.
2094 2312 2278 2375 Asin.

141 2421 266 2499 prol.
305 2425 392 2487 10.
435 2425 672 2491 Bacch.
712 2445 812 2504 ιιι,
852 2427 914 2505 3,
956 2429 1061 2495 80.
1104 2447 1199 2507 1v,
1242 2430 1301 2505 5,
1349 2432 1422 2495 7:

326 2551 522 2640 titiam
570 2587 644 2638 tu
689 2596 940 2660 quoque
986 2576 1344 2641 assentaris
1387 2576 1629 2644 huice?
1677 2581 1846 2660 Quid
1897 2584 1994 2647 uis
2037 2582 2223 2653 fieri?

331 2708 588 2772 Dicam:
636 2704 829 2770 huice
872 2730 1102 2774 nomen
1146 2712 1389 2796 graece
1434 2715 1729 2799 Onagost
1772 2717 2044 2785 fabulae.

332 2836 482 2901 Mihi
531 2840 914 2925 discipulus,
958 2840 1068 2906 tibi
1114 2846 1377 2926 sodalis,
1425 2846 1616 2912 hu1'ce
1659 2854 1842 2934 periit
1887 2851 2073 2918 filius.

327 2971 489 3035 Nam
534 2972 665 3036 ndu
711 2975 1009 3040 conducit
1043 2976 1233 3042 huice
1276 2981 1756 3065 sucophautiae.

123 3091 166 3153 Ε
200 3098 424 3183 reliquis
464 3114 685 3168 autem
725 3106 961 3171 misere
1006 3110 1086 3173 ab
1113 3111 1271 3192 ipsis
1297 3118 1578 3180 numeris
1610 3120 1854 3185 laborat
1881 3123 2283 3187 Menaechm.
2401 3148 2412 3151 -

123 3234 250 3307 prol.
288 3238 404 3301 40:

329 3369 633 3434 Immlitat
668 3391 899 3436 nomeu
944 3373 1103 3437 auos
1149 3358 1327 3441 hui’c-
1351 3384 1609 3461 gemino
1651 3381 1872 3448 alteris

113 3516 232 3566 nam
271 3519 520 3588 praeter
566 3510 953 3577 delitescens
991 3521 1245 3592 yemino
1292 3516 1496 3596 ipsum
1542 3520 1726 3595 huic,
1778 3521 2027 3585 etiamsi
2077 3522 2284 3606 bisyl-

109 3633 290 3705 labum
353 3664 507 3709 esse
569 3649 1000 3729 concedatur,
1071 3661 1410 3715 accentum
1470 3657 1534 3714 in
1594 3654 1813 3716 ultima
1869 3648 2108 3718 habere
2165 3673 2289 3717 non

105 3777 293 3853 magis
351 3788 611 3861 potest,
677 3800 867 3862 quam
934 3801 1208 3865 unquam
1266 3786 1737 3865 pronuntiatum
1801 3796 1905 3850 est
1964 3781 2034 3849 εΐ
2080 3785 2289 3868 (quod

101 3905 452 3970 sustulimus
498 3909 672 3971 Trin.
715 3927 848 3991 arg.
891 3911 986 3983 6.)
1034 3909 1250 3989 Quare
1295 3914 1690 3978 confidenter
1751 3912 2287 3996 transponendum

322 4041 633 4107 Immutat
673 4047 932 4128 gemino
976 4043 1207 4108 nomen
1258 4066 1418 4109 auos
1460 4047 1609 4109 huic
1652 4043 1850 4108 alteri.

99 4166 183 4231 De
225 4171 409 4255 Capt.
451 4193 499 4258 1,
547 4176 611 4255 2,
661 4177 744 4239 49
790 4177 1080 4239 Bentleio
1124 4174 1604 4239 assentiendum
1649 4173 1944 4259 videtuer
1975 4175 2289 4243 Rudentis

100 4304 233 4379 prol.
272 4303 356 4370 39
398 4328 531 4371 non
565 4320 702 4373 erat
730 4310 921 4374 valde
952 4309 1295 4394 probabilis
1328 4310 1493 4373 haec
1519 4307 1881 4373 emendatio
1908 4309 2285 4376 reiicienda:

2339 4236 2370 4279 ,Ι
