2824 4890
2118 382 2302 446 ch

183 561 300 613 sunt
339 555 842 637 elegantioribus:
908 558 968 621 id
1023 560 1189 642 quod
1250 562 1439 624 etiam
1495 563 1556 624 in
1608 562 1986 645 bisyllabum
2027 587 2092 629 v,
2146 566 2305 628 1134

176 689 307 747 mh·
344 687 513 752 cadit.
594 691 736 755 Nec
779 692 863 753 de
907 712 969 755 v,
1010 692 1140 757 230
1184 693 1488 776 fluctuat,
1547 697 1647 758 ubi
1692 696 1833 778 ipsa
1878 698 2301 779 perspicuitas

174 820 472 882 sententiae
513 831 575 883 et
616 827 721 885 vis
762 829 1194 904 oppositorum
1238 845 1361 887 non
1406 829 1640 907 patitur
1681 831 1781 888 rei
1818 829 1921 888 sic
1968 826 2303 891 devorari:

372 949 658 1014 Amorine
701 972 804 1016 me
850 952 931 1015 au
976 955 1067 1016 rei
1106 951 1379 1036 obsequi
1422 955 1636 1035 potius
1681 953 1796 1035 par
1839 956 1946 1035 sit,

170 1073 259 1136 sed
293 1078 413 1139 acui
454 1079 824 1159 productam
870 1082 1312 1162 paenultimam
1361 1084 1564 1146 iubet:

365 1208 617 1273 Amorin
661 1232 764 1276 me
810 1233 890 1275 an
935 1211 1026 1274 rei
1072 1210 1337 1295 obsequi
1382 1215 1595 1295 potius
1638 1215 1752 1297 par
1794 1219 1914 1299 sit;

167 1355 259 1399 nec
277 1337 345 1401 de
365 1359 425 1401 v.
441 1341 589 1424 307,
635 1342 735 1405 ubi
763 1362 915 1423 prae
956 1364 1100 1405 eum
1144 1344 1288 1405 dese
1329 1363 1517 1407 nemo
1562 1363 1686 1407 non
1727 1348 1924 1409 sentit
1964 1337 2298 1428 praestare

164 1465 276 1529 bum
308 1493 449 1534 eree.
530 1474 667 1537 Sed
694 1493 758 1535 v.
783 1474 926 1537 552.
948 1474 1094 1536 688.
1115 1475 1259 1537 868.
1281 1476 1424 1538 899.
1449 1475 1581 1537 904
1602 1494 1725 1539 nec
1765 1478 2057 1558 profecto
2102 1480 2305 1542 inter-

164 1606 243 1659 est
288 1603 637 1685 quicquam,
701 1614 906 1667 utrum
965 1606 1025 1665 in
1082 1603 1200 1684 qm'
1254 1607 1503 1685 quidem
1553 1606 1788 1669 i-stz'ue
1833 1617 1897 1670 et
1941 1611 2059 1689 qui
2085 1623 2301 1676 'meam

163 1729 483 1804 miniatem
521 1743 588 1798 et
628 1734 736 1795 ln'c
774 1737 1024 1815 quidem
1064 1733 1295 1795 loa-be't
1334 1742 1400 1796 et
1439 1734 1753 1798 alte-reim
1792 1757 1909 1799 suo
1950 1740 2198 1802 a-mz'co
2225 1729 2304 1804 'et

160 1859 211 1920 εἰ
239 1868 455 1941 quidem
494 1887 660 1945 e-yo
703 1869 937 1929 ‹ib-vem
980 1866 1308 1948 dactylum
1355 1887 1506 1931 esse
1550 1888 1631 1930 an
1678 1870 2040 1933 trochaeum
2086 1883 2299 1952 putes,

163 2009 259 2055 nec
306 2006 492 2061 utrum
551 2006 751 2080 poeta
811 1998 1088 2061 voluerit
1152 2000 1277 2063 ullo
1338 2010 1717 2081 argumento
1773 2003 2024 2068 decerni
2054 2015 2302 2085 potest.

158 2120 308 2198 Quae
344 2129 720 2210 ambiguitas
762 2131 953 2190 etiam
999 2127 1080 2189 ad
1124 2130 1248 2191 alia
1290 2129 1568 2210 pertinet
1610 2139 1677 2191 ut
1720 2150 1782 2191 v.
1806 2130 1934 2193 337
1972 2138 2303 2212 eiusmodi,

154 2259 291 2335 qnod
329 2273 428 2326 aut
468 2263 875 2326 choriambus
924 2281 1076 2324 esse
1119 2272 1233 2325 aut
1272 2265 1550 2326 creticus
1593 2273 1824 2346 potest.
1870 2299 1951 2311 —
1997 2266 2298 2331 Ceterum

152 2385 216 2452 de
249 2396 532 2474 siquidem
571 2395 700 2457 iam
746 2401 1012 2475 apparet
1069 2395 1257 2475 quam
1312 2395 1579 2457 errarint
1634 2395 1738 2477 qui
1804 2396 2302 2465 insolentissime

151 2533 393 2606 correpta
432 2525 972 2606 antepaenultima
1017 2543 1056 2585 a
1100 2525 1329 2586 Plauto
1374 2525 1840 2607 frequentatum
1885 2536 2202 2606 putarunt.

282 2676 711 2741 Similitudinis
754 2677 1036 2756 speciem
1081 2684 1433 2756 externam,
1480 2676 1774 2756 quamvis
1819 2685 2146 2756 expertem
2189 2698 2301 2741 ra-

148 2805 322 2884 tionis,
364 2807 845 2872 coucedendum
889 2818 990 2883 est
1035 2809 1316 2870 fortasse
1359 2809 1422 2869 in
1476 2824 1713 2871 caussa
1758 2808 1999 2891 fuisse,
2066 2828 2180 2873 cur
2221 2813 2303 2875 ad

149 2948 280 3011 “pul
329 2945 622 3007 vocabuli
680 2943 1038 3022 exemplum
1094 2942 1688 3006 accommodaretur
1747 2952 2001 3022 caput
2036 2961 2299 3005 nomen:

146 3089 244 3134 non
282 3078 441 3157 quod
482 3079 569 3142 ab
600 3095 679 3138 eo
715 3086 780 3138 et
805 3076 1195 3139 Bacchidum
1227 3095 1461 3137 versus
1489 3077 1668 3138 1155.
1692 3079 1774 3143 H.
1801 3078 2045 3158 incipit:
2095 3079 2309 3155 Caput

138 3205 332 3283 mitit,
372 3214 561 3287 perii,
606 3208 730 3269 κείω
771 3205 1004 3285 neqito',
1055 3207 1161 3289 qui
1203 3216 1304 3269 est
1348 3207 1838 3288 anapaesticus,
1895 3216 1960 3268 et
2003 3208 2206 3269 Merc-
2254 3224 2298 3286 1,

138 3334 191 3414 2,
228 3339 330 3401 42:
370 3336 591 3423 Caput,
610 3339 1001 3422 tibifaoia'm,
1048 3339 1149 3401 ubi
1176 3341 1361 3406 etiam
1391 3340 1580 3403 aliam
1609 3339 1686 3401 ob
1733 3355 2035 3400 caussam
2082 3345 2301 3397 trans-

142 3456 460 3549 pon⁹eudum
517 3475 661 3536 Tibi
696 3480 890 3552 caput
918 3472 1209 3554 facidm:
1254 3469 1370 3532 sed
1396 3480 1654 3551 propter
1684 3487 1871 3530 unum
1902 3466 2304 3531 Curculionis

90 3578 95 3583 ⁵
138 3611 533 3686 septenarium
580 3627 654 3689 Π,
696 3606 761 3689 3,
799 3608 920 3670 81:

355 3751 573 3840 Caput
609 3758 887 3840 deponit,
929 3756 1405 3823 condormiscit:
1448 3758 1576 3840 ego
1612 3759 1672 3821 ei
1707 3759 1989 3823 subduco
2028 3757 2304 3821 anulum.

136 3883 251 3948 Sed
302 3890 434 3954 boc⁴
475 3890 698 3953 addito
750 3892 876 3953 iam
934 3890 1258 3953 exhausta
1314 3899 1418 3953 est
1458 3891 1796 3952 multitudo
1857 3890 2306 3970 exemplorum.

133 4014 196 4077 ln
232 4021 449 4100 quibus
494 4022 553 4083 si
596 4022 788 4085 etiam
829 4028 1070 4099 pater
1112 4021 1387 4083 habitum
1436 4029 1578 4100 est,
1638 4023 1777 4082 eius
1836 4020 1925 4079 rei
1987 4026 2052 4080 et
2104 4021 2305 4080 ratio-

130 4167 255 4212 nem
315 4163 379 4214 et
438 4153 823 4217 documenta
880 4153 1197 4216 desidero.
1308 4154 1393 4214 Et
1456 4153 1727 4213 omnium
1791 4150 2042 4211 minime
2101 4169 2181 4212 ex
2228 4171 2307 4214 eo

130 4284 678 4361 argumentandum
709 4304 889 4366 esse,
934 4286 1125 4368 quod,
1172 4293 1240 4347 ut
1283 4304 1319 4346 e
1346 4304 1531 4346 soror
1563 4282 2060 4365 monosyllabum
2094 4303 2302 4356 soem,
