2824 4890
1971 357 2390 425 CLXXXIX

165 526 487 592 tinuitatis
557 542 705 588 oum
765 537 879 588 aut
936 525 996 587 in
1056 530 1532 592 sententiae
1602 540 1714 594 aut
1764 535 1823 596 in
1883 555 2388 607 numerorum

163 656 637 721 rationibus
683 656 898 736 posita
937 657 1063 718 sit:
1105 661 1345 721 numeri
1387 662 1639 741 quidem
1682 684 1922 745 pausas
1948 686 2130 731 nemo
2175 677 2385 739 nescit

162 811 313 855 eam
361 798 608 856 tantum
650 791 782 852 vim
830 793 1067 855 habere
1116 801 1188 855 ut
1222 793 1566 859 admittant*
1597 797 1862 881 hiatum,
1891 821 2012 864 non
2053 813 2124 866 ut
2166 753 2389 888 requi·-

158 935 309 989 rant
344 942 640 1005 unquam.
728 923 865 988 Sed
910 945 991 986 ne
1030 945 1069 987 a
1110 928 1431 990 sententia
1475 928 1724 1010 quidem
1768 933 1911 1013 plus
1954 953 2140 1015 quam
2179 956 2389 1002 excu-

157 1059 487 1120 sationem
548 1057 745 1121 hiatui
804 1068 1092 1139 paratum
1154 1078 1307 1122 esse
1365 1060 1849 1127 evidentissime
1893 1087 2107 1132 eorum
2154 1091 2387 1136 exem-

158 1192 413 1272 plorum
461 1191 799 1255 multitudo
856 1193 1081 1276 docet,
1141 1195 1202 1255 in
1260 1197 1488 1277 quibus
1545 1198 1654 1260 vel
1723 1201 2072 1266 fortissima
2137 1207 2389 1270 inter·-

156 1325 505 1406 pnnetio
568 1323 821 1387 minime
876 1326 1162 1418 impediit
1229 1330 1563 1407 quominus
1606 1333 1874 1396 vocales
1919 1338 2383 1404 coalescerent.

157 1462 318 1522 Non
362 1467 583 1541 potest
640 1460 728 1530 (si
790 1477 829 1523 a
883 1459 1318 1540 singularibus
1377 1464 1753 1544 quibusdam
1800 1471 2109 1549 exemplis
2155 1491 2385 1536 reces-

157 1599 373 1670 seris]
418 1596 692 1678 gravius
739 1597 1086 1670 divortium
1135 1617 1498 1662 sermonum
1555 1604 1818 1684 eogitari
1861 1599 2050 1685 quam
2096 1608 2264 1689 quod
2312 1609 2384 1672 fit

160 1737 611 1799 mutatione
675 1755 1256 1817 personarum:
1319 1748 1386 1800 et
1449 1749 1658 1801 tamen
1713 1740 1879 1803 haee
1934 1743 2072 1822 ipsa
2129 1750 2374 1805 tantum

159 1873 366 1934 abest
410 1878 479 1933 ut
522 1890 646 1932 non
693 1870 987 1933 admittat
1030 1873 1398 1954 elisionem,
1455 1882 1523 1935 ut
1563 1892 1706 1935 raro
1749 1876 2217 1958 neglectionem
2260 1877 2382 1941 eli-

159 2007 377 2070 sionis
422 2005 769 2068 admiserit.
889 2006 1034 2069 Duo
1093 2008 1301 2069 triave
1342 2029 1379 2071 e
1419 2010 1784 2071 Trinummo
1842 2013 2140 2093 exempla
2178 2031 2378 2095 supra

158 2143 403 2224 posui:
449 2147 513 2203 in
557 2144 936 2205 contrariam
979 2151 1228 2225 partem
1277 2142 1559 2205 eiusdem
1603 2144 1856 2206 fabulae
1895 2145 2149 2207 circiter
2190 2140 2385 2227 quin·-

155 2281 477 2363 quaginta
523 2281 741 2344 valent
785 2281 1184 2344 huiusmodi:

339 2412 509 2492 Quid
549 2409 792 2476 edimus
841 2422 1093 2476 nosmet
1132 2411 1408 2493 po'slea?
1451 2414 1588 2475 LE.
1632 2418 1819 2475 eliam
1862 2410 1929 2473 tu
1977 2409 2205 2476 taces?

336 2547 410 2610 si
452 2543 605 2628 quid
652 2548 750 2609 uis
792 2548 1088 2611 Sta-sime.
1122 2548 1254 2610 ST.
1296 2549 1424 2608 Ιιασ
1466 2545 1751 2610 concede
1795 2540 2205 2625 aliquantum.
2239 2543 2378 2604 PH.

1386 2675 1553 2737 licet.

330 2802 415 2864 Ei
460 2802 551 2864 rei
591 2799 967 2883 argumenta
1008 2800 1239 2868 ἀίσσω.
1283 2801 1422 2863 PH.
1467 2803 1691 2862 audire
1735 2795 1964 2880 edepol
2007 2797 2200 2861 lubet.

329 2930 502 3013 Quid
554 2931 657 2998 is?
725 2935 994 3012 eqetne?
1046 2933 1188 2995 LY.
1231 2932 1403 3014 eget.
1449 2934 1589 2996 PH.
1646 2931 1946 2995 habuitne
1989 2933 2168 2994 rem?
2230 2932 2378 2994 LY.

1374 3068 1611 3133 habuit.
1628 3071 1766 3132 PH.
1783 3072 1889 3151 qui
1914 3047 2053 3132 eam
2085 3068 2377 3151 perdidit.

151 3225 385 3305 Atque
423 3222 638 3283 talium
681 3222 1043 3305 frequentia
1088 3240 1165 3285 eo
1214 3225 1515 3287 maiorem
1559 3223 1639 3286 ad
1684 3224 1852 3286 hane
1882 3241 2186 3285 caussam
2234 3222 2375 3283 uni-

149 3370 426 3416 versam
472 3360 651 3414 reete
692 3351 1097 3415 iudicandam
1145 3351 1283 3413 vim‘
1318 3351 1533 3434 habet,
1582 3371 1706 3434 quo
1733 3352 1996 3434 aegrius
2027 3369 2144 3412 nos
2186 3350 2377 3412 hodie

149 3487 615 3568 perspicimus,
640 3485 1030 3569 quitandem
1063 3495 1353 3548 veterum
1398 3504 1506 3548 ars
1549 3483 1698 3547 illud
1745 3484 2133 3565 praestiterit
2162 3486 2375 3546 omui-

145 3640 263 3699 no,
331 3626 406 3678 ut
461 3639 587 3680 non
645 3621 834 3682 unius
875 3619 1146 3683 hominis
1171 3640 1280 3682 ore
1309 3620 1594 3701 prolatae
1620 3620 1886 3681 vocales
1931 3620 2176 3683 coirent
2217 3638 2376 3702 pro-

144 3754 543 3819 nuntiando:
586 3756 755 3839 quod
801 3755 1050 3840 quidem
1081 3777 1255 3821 nune
1300 3779 1422 3822 non
1465 3778 1836 3841 persequar.

326 3888 571 3951 Similis
614 3897 851 3971 autem,
897 3909 1256 3973 quanquam
1301 3913 1426 3956 non
1472 3903 1599 3956 tam
1646 3892 1916 3957 evidens
1952 3899 2377 3974 argumenta·-

142 4024 235 4086 tio
284 4021 439 4085 duci
483 4043 567 4087 ex
622 4025 1373 4091 exclamationibus
1434 4032 1684 4110 poterit.
1791 4031 1963 4091 Nam
2026 4029 2150 4091 etsi
2207 3992 2378 4089 nun-

143 4178 348 4242 quam
393 4176 555 4223 sane
597 4161 705 4223 vel
748 4162 1190 4244 monosyllaba
1231 4183 1266 4223 n
1309 4163 1395 4223 οΙι
1439 4163 1526 4223 ala
1569 4162 1656 4222 Ιια
1698 4161 1835 4222 nala
1881 4161 2006 4223 keu
2037 4160 2146 4222 1ιεί
2182 4180 2269 4223 au
2293 4180 2374 4224 eu

145 4292 258 4355 vel
308 4292 442 4352 aba
481 4292 652 4353 valta
688 4290 852 4356 eheu
896 4292 1105 4374 (Tria.
1149 4290 1317 4371 503)
1365 4292 1523 4355 elisa
1565 4300 2006 4357 suntz‘tamen
2050 4312 2174 4357 non
2218 4296 2372 4358 talia
