2824 4890
2186 377 2403 439 xum

256 558 480 620 sublata
523 557 683 620 iusta
740 575 1042 619 versuum
1097 557 1500 619 distinctione
1539 562 1772 635 poetae
1815 557 2014 620 verba
2058 559 2135 621 ad
2183 577 2413 640 prosae

243 692 524 753 orationis
551 690 1014 752 similitudinem
1060 691 1511 768 scriberentur,
1557 688 1848 769 quoniam
1897 708 2062 768 quae
2108 696 2194 753 ita
2240 712 2414 755 nova

227 842 504 887 versuum
551 843 673 887 non
721 826 1129 885 metricorum
1180 822 1525 903 descriptio
1572 822 1823 911 prodiit,
1868 844 1945 885 ea
1980 844 2101 884 non
2134 845 2409 908 unquam

226 959 340 1020 alia
378 959 435 1020 iu
478 958 538 1021 (Ἰ
576 967 771 1039 atque
819 958 878 1018 in
922 960 987 1020 D
1032 965 1167 1033 est,
1220 976 1439 1017 verum
1489 956 1844 1017 communis
1887 958 2229 1037 utriusque.
2319 959 2411 1021 Vt

222 1096 329 1158 hac
369 1114 621 1178 quoque
661 1095 721 1154 in
769 1101 950 1173 parte
994 1092 1075 1154 illi
1121 1111 1160 1175 η
1212 1091 1411 1154 codici
1458 1091 1718 1152 multum
1767 1100 1826 1152 et
1871 1094 1934 1153 B
1977 1100 2086 1169 et,
2138 1102 2205 1152 ut
2246 1110 2409 1154 cou-

218 1239 568 1292 sentaneum
621 1238 722 1287 est
766 1223 1058 1300 credere,
1119 1225 1175 1285 T
1209 1232 1560 1304 praestent.

364 1364 430 1423 ln
478 1358 830 1423 Germania
869 1368 1078 1421 autem
1127 1367 1431 1419 servatae
1483 1360 1877 1438 posteriores
1935 1358 2186 1419 fabulae
2244 1356 2411 1420 duo-

225 1494 396 1559 decim
443 1503 793 1577 postquam
840 1512 928 1554 ex
976 1490 1296 1551 hominum
1349 1488 1768 1550 litteratorum
1820 1508 1941 1551 usu
2004 1500 2071 1552 et
2128 1509 2411 1553 consue-

224 1628 410 1692 tudine
452 1630 727 1710 elnpsae
767 1644 879 1708 per
921 1625 1162 1706 aliquot
1207 1624 1469 1685 saecula
1514 1620 1929 1688 delituerant:
1982 1632 2156 1695 (nam
2218 1626 2406 1689 etiam

215 1769 303 1850 qui
344 1757 770 1830 ‘Thesaurum
821 1748 1169 1824 latinitatis'
1219 1762 1387 1821 illum
1437 1759 1712 1822 condidit
1754 1779 1793 1822 e
1831 1761 2076 1822 saeculi
2119 1778 2228 1826 xu.
2280 1779 2403 1823 co-

219 1899 345 1962 dice
384 1901 462 1961 ab
497 1898 764 1979 Angelo
795 1900 973 1961 Maio
1002 1896 1209 1959 Class.
1257 1903 1420 1957 auct.
1465 1912 1503 1953 e
1546 1894 1698 1954 Vat.
1745 1891 1883 1954 cod.
1930 1894 2028 1955 ed.
2070 1904 2243 1956 tomo
2267 1914 2407 1960 vm.

218 2034 536 2114 vulgatum
571 2073 590 2109 ‚
653 2029 832 2090 solas
897 2036 1044 2089 octo
1089 2027 1331 2107 priores
1373 2023 1741 2094 tractavitt)
1787 2025 2028 2087 saeculi
2075 2044 2185 2087 xv.
2230 2028 2407 2088 initio

214 2165 356 2226 iuter
397 2169 602 2228 ltalos
648 2185 733 2227 ex
787 2184 908 2225 uno
953 2166 1017 2226 D
1064 2164 1502 2238 innotuerunt,
1556 2181 1593 2222 e
1635 2178 1757 2242 qno
1805 2168 2113 2243 quotquot
2167 2163 2407 2224 illarum

214 2308 453 2361 exstant
496 2299 651 2359 sive
694 2298 936 2378 scripta
995 2300 1141 2358 sive
1196 2296 1507 2375 impressa
1565 2296 1956 2376 exemplaria
2003 2305 2255 2377 praeter
2295 2297 2419 2359 Bo

217 2428 502 2510 originem
564 2436 889 2490 traxerunt
946 2430 1172 2491 omnia.
1262 2427 1386 2507 Qui
1445 2447 1585 2491 cum
1655 2448 1819 2492 anno
1844 2408 2420 2499 mii

215 2563 291 2623 uti
343 2581 542 2644 supra
602 2561 881 2623 diximus
938 2581 1021 2622 ex
1088 2559 1435 2624 Germania
1498 2562 1728 2624 allatus
1795 2570 2015 2641 esset,
2088 2580 2213 2624 suo
2277 2566 2414 2625 iure

213 2691 534 2778 Georgius
598 2695 847 2756 Merula
907 2693 1110 2775 potuit
1168 2695 1226 2755 in
1286 2694 1685 2775 praefatione
1744 2676 2414 2759 anni—cm.

214 2824 343 2888 illas
384 2825 774 2889 comoedias
818 2813 1259 2909 ‘quadraginta
1315 2827 1546 2889 abhinc
1601 2828 1784 2890 annis
1830 2814 2133 2908 repertas'
2176 2826 2416 2904 dicere,

216 2975 328 3018 nou
364 2975 604 3021 curans
650 2957 1059 3037 pauculorum
1106 2974 1411 3018 annorum
1463 2955 1820 3021 discrimen.
1910 2958 2012 3018 Ab
2046 2958 2170 3020 hoc
2199 2969 2411 3021 autem

214 3092 567 3153 testimonio
614 3091 965 3170 profectum
1022 3107 1173 3151 esse
1219 3091 1660 3152 ΤΗΑυυΑΕυΜ
1710 3090 2082 3154 Vsum-:rum
2129 3101 2416 3174 apparet,

209 3226 306 3302 qui
363 3227 421 3287 in
485 3222 893 3306 praefatione
949 3222 1244 3284 editionis
1304 3223 1670 3285 Parmensis
1733 3243 1789 3285 a.
1836 3239 2076 3287 enoiox.
2139 3225 2419 3286 emissae

215 3353 287 3418 de
328 3366 620 3440 tempore
669 3356 1005 3417 manifesto
1057 3356 1471 3417 consentiens
1512 3356 1674 3417 alius
1702 3358 1789 3417 rei
1817 3356 2179 3418 memoriam
2205 3357 2419 3436 paullo

219 3488 682 3553 obscurioribus
728 3489 941 3550 verbis
980 3489 1079 3550 his
1124 3488 1489 3550 admiscuit:
1534 3477 1606 3549 ‘si
1651 3487 1854 3549 codici
1902 3507 2043 3549 meo
2082 3486 2248 3550 fides
2290 3487 2416 3549 ad-

216 3618 479 3684 hibenda
506 3622 803 3684 Basileae
848 3623 1124 3702 escripto
1170 3640 1417 3684 Lxxvn.
1464 3623 1697 3684 abhinc
1724 3643 1926 3688 annox
1972 3643 2053 3684 ex
2081 3644 2159 3685 eo
2189 3643 2417 3687 exem-

220 3750 369 3829 plari
411 3774 451 3818 e
493 3773 619 3835 quo
662 3772 774 3817 xn.
819 3755 1078 3817 ultimae
1122 3755 1495 3818 comoediae
1539 3757 1871 3821 Plautinae
1933 3776 2273 3821 emanasse
2318 3758 2421 3819 di·-

220 3876 473 3949 cuntur?
561 3887 633 3949 Id
695 3907 820 3969 quo
862 3899 1162 3970 spectare
1218 3889 1552 3968 videatur,
1615 3892 1862 3973 planius
1919 3910 2002 3951 ex
2051 3891 2293 3951 Alberti
2339 3888 2420 3951 de

226 4018 365 4098 Eyb
432 4021 614 4099 (sive
678 4021 758 4085 de
814 4022 1118 4104 Eyben),
1186 4024 1516 4086 vernaculi
1581 4023 1965 4085 Bacchidum
2030 4023 2418 4105 interpretis,

219 4154 574 4216 narratione
624 4155 991 4237 intelligitur
1052 4174 1110 4217 a.
1168 4170 1544 4218 moioxvm.
1599 4153 1840 4214 chartis
1897 4154 2282 4235 consignata
2339 4173 2423 4218 ac

218 4280 493 4348 fortasse
542 4271 677 4351 ‘non
732 4289 983 4353 aliunde
1048 4291 1167 4352 nisi
1227 4307 1311 4351 ex
1382 4285 1648 4368 Vgoleti
1713 4286 2110 4366 praefatione
2173 4287 2414 4368 petitax
