2824 4890
2061 340 2320 403 van

182 543 228 604 p.
255 522 373 590 755.
451 525 745 589 Ceterum
776 524 1184 588 *diversarum
1230 522 1674 586 recensionum
1729 531 1955 585 tenues
2001 522 2315 604 quasdam

174 668 423 739 tanquam
464 658 756 741 reliquias
803 677 927 718 non
967 656 1199 718 infitior
1241 655 1432 718 hodie
1474 673 1727 737 quoque
1769 673 2153 736 superesse,
2198 656 2316 719 sed

173 807 350 852 earum
390 811 466 855 ex
499 793 951 875 antiquioribus
993 800 1063 854 ut
1104 798 1259 871 puto
1303 789 1589 852 saeculis
1618 787 2123 869 repetendarum,
2165 807 2320 868 par-

170 922 255 984 tim
290 934 484 988 autem
526 943 643 988 sua
686 933 917 1006 sponte
964 932 1281 1003 natarum,
1322 922 1549 1002 partim
1593 922 1820 984 critica
1863 884 2065 1003 opera
2102 941 2320 1003 gram-

165 1057 490 1121 maticorum
537 1069 923 1141 paratarum.
1010 1056 1293 1135 Quarum
1338 1072 1529 1117 unam
1575 1055 1845 1137 aliquam
1905 1073 2179 1119 neeesse
2221 1065 2325 1120 est

162 1192 211 1254 in
246 1195 562 1274 praecipuo
607 1193 848 1255 honore
887 1211 999 1274 per
1038 1190 1444 1253 saeculorum
1481 1188 1816 1252 decursum
1842 1191 2120 1254 habitam
2146 1209 2322 1272 esse,

165 1323 278 1385 sive
315 1345 444 1389 eam
488 1347 526 1391 a
571 1329 833 1391 Valerio
878 1327 1091 1391 Probo
1138 1327 1282 1389 sive
1327 1326 1407 1388 ab
1452 1328 1573 1389 aiio
1616 1328 2000 1407 profectam:
2046 1345 2192 1388 nam
2238 1327 2322 1390 de

160 1453 410 1521 Varrone
450 1480 532 1522 ne
575 1460 721 1542 quis
760 1460 1124 1540 suspicetur
1169 1462 1332 1522 satis
1374 1461 1524 1521 cavi
1571 1459 1831 1540 Parerg.
1875 1477 1919 1536 1,
1965 1459 2154 1540 p.80.
2180 1458 2325 1523 367.

158 1593 211 1649 et
254 1607 438 1671 nuper
486 1591 704 1653 Musei
759 1589 968 1671 philol.
1026 1590 1222 1651 nostri
1284 1596 1326 1650 t.
1369 1605 1483 1668 vi,
1525 1607 1585 1668 p.
1627 1588 1774 1650 509.
1859 1589 2027 1651 Eum
2086 1599 2326 1673 autem,

160 1722 413 1805 quisquis
452 1724 596 1806 fuit,
641 1741 801 1785 sane
844 1728 1047 1783 metra
1092 1738 1348 1802 quoque
1388 1718 1689 1800 attigisse
1726 1728 1906 1801 puto,
1951 1730 2018 1783 et
2059 1723 2326 1804 potissi-

154 1871 294 1916 mum
348 1856 599 1938 quidem
651 1852 905 1917 cantica
963 1852 1256 1915 Plautina
1325 1853 1385 1913 in
1447 1870 1589 1914 eam
1647 1854 1914 1917 formam
1972 1858 2325 1941 redegisse,

150 1982 216 2045 ad
256 1988 428 2050 cuius
474 1988 841 2067 exemplum
885 1986 1095 2065 aliquo
1136 1985 1515 2063 intervallo,
1575 1987 1695 2050 sed
1756 1997 1967 2052 tamen
2011 1989 2328 2051 communi

149 2130 320 2197 saepe
359 2116 726 2181 testimonio
772 2114 834 2177 A
878 2122 943 2176 et
986 2116 1047 2176 B
1089 2114 1438 2181 acceduntt
1482 2136 1744 2199 quorum
1792 2119 2181 2182 cantieorum
2214 2139 2328 2183 ra-

149 2244 327 2310 tiones
383 2250 506 2311 iam
573 2246 870 2327 proximo
931 2251 1368 2325 postpoetae
1433 2238 1710 2311 aetatem
1770 2251 2039 2312 saeculo
2101 2270 2326 2331 parum

146 2389 489 2462 perspectas
533 2397 696 2441 esse
737 2377 1051 2443 Sisennae
1094 2347 1390 2461 exemplo
1434 2376 1621 2442 docui
1663 2381 1807 2444 Par.
1849 2402 1910 2465 p.
1935 2381 2079 2447 383.
2124 2383 2330 2447 Prae-

148 2517 298 2574 terea
336 2534 374 2577 e
412 2515 590 2577 satis
632 2511 892 2594 antiqua
935 2518 1153 2608 aetate
1192 2511 1337 2574 iliud
1382 2513 1798 2594 repetendum
1842 2516 2034 2578 valde
2078 2535 2332 2579 memo-

147 2645 353 2729 rabile,
415 2644 597 2731 quod
653 2644 1032 2727 quibusdam
1090 2643 1151 2705 in
1198 2642 1430 2705 fabulis
1484 2662 1599 2723 pro
1644 2644 1740 2706 eis
1787 2661 1954 2724 quae
1995 2664 2165 2709 nunc
2209 2647 2333 2711 ba-

144 2778 345 2844 beutur
385 2796 813 2863 personarum
858 2775 1212 2839 nominibus
1263 2775 1326 2836 in
1362 2775 1430 2837 A
1471 2795 1736 2857 prorsus
1778 2777 2038 2842 diversa
2079 2791 2335 2863 reperta

145 2921 309 2979 sunt:
364 2912 538 2998 quod
588 2910 772 2993 attigi
809 2908 954 2971 ibid.
995 2929 1057 2990 p.
1101 2909 1266 2991 2⁰78,
1310 2926 1430 2973 suo
1477 2911 1619 2973 loeo
1662 2930 2009 2995 persequar
2052 2915 2332 2980 uberius.

147 3080 214 3093 -
252 3053 302 3114 E:
346 3053 452 3114 tali
497 3056 721 3113 autem
768 3046 1148 3109 recensendi
1192 3047 1407 3110 studio
1436 3058 1503 3111 et
1527 3051 1788 3113 consilio
1815 3053 2112 3136 quicquid
2149 3064 2332 3119 tran—

144 3177 291 3242 sisse
331 3181 390 3243 in
436 3177 936 3243 Ambrosianum
983 3177 1386 3259 comeaeris,
1432 3189 1607 3243 certe
1646 3201 1773 3245 non
1814 3187 2058 3264 poteris
2103 3185 2335 3249 talibus

140 3312 211 3375 ad
266 3316 545 3400 aliquam
613 3324 913 3396 tanquam
982 3315 1503 3396 praerogativam
1572 3318 1997 3383 Palatinarum
2062 3319 2338 3384 demon-

144 3450 447 3515 strandam
502 3448 641 3512 uti:
701 3464 844 3508 nam
902 3465 1070 3527 quae
1128 3447 1190 3508 in
1245 3447 1344 3509 his
1396 3448 1554 3528 ipsis
1616 3448 1886 3531 duplicis
1943 3453 2337 3517 recensionis

143 3582 405 3665 vestigia
462 3592 667 3643 versu
713 3575 874 3639 1188
926 3576 1145 3655 aperui
1189 3579 1490 3647 (ducamz
1539 3583 1928 3655 optumumst
1985 3590 2052 3643 et
2108 3585 2336 3647 ducat.-

142 3712 301 3788 licet,
369 3710 728 3779 accedente
784 3724 1196 3790 personarum
1255 3713 1677 3792 mutatione),
1743 3714 1838 3775 eis
1903 3706 2339 3778 manifestiora

142 3850 392 3931 reperiri
436 3868 632 3932 nego.
717 3848 943 3929 Itaque
1002 3845 1125 3910 hoe
1171 3865 1361 3908 omne
1401 3864 1546 3908 oum
1591 3844 1780 3908 vaide
1820 3847 2183 3927 ambiguum
2227 3848 2337 3929 sit,

141 3997 255 4041 non
313 3982 560 4062 poterit
616 3997 743 4041 non
797 3976 1180 4040 tutissimum
1241 3976 1446 4040 videri
1504 3976 1911 4040 Ambrosiani
1977 3977 2340 4041 auctoritati

141 4112 573 4194 mancipatum
634 4126 829 4190 esse,
895 4108 1258 4190 ubicunque
1315 4108 1380 4171 id
1436 4126 1597 4170 sana
1660 4108 1820 4170 ratio
1880 4108 2155 4189 patiatur
2213 4129 2337 4174 neo

141 4246 538 4325 praestantia
579 4241 1008 4309 Palatinorum
1066 4252 1365 4323 tanquam
1422 4241 1487 4302 in
1542 4239 1766 4303 oeulos
1809 4239 2099 4308 incurrat.
2187 4242 2337 4323 Quo
