2824 4890
557 350 873 436 cxjmvs

809 535 1004 602 Amor
1053 539 1247 601 amari
1295 535 1407 600 dat
1452 547 1664 601 tamen
1707 537 1892 620 satis,
1939 541 2110 623 quod
2153 545 2235 606 sit
2275 542 2479 626 aegre,

553 683 765 735 tamen
814 692 897 734 ne
942 673 1066 735 hoc
1112 672 1361 754 quidem
1407 672 1490 735 ad
1529 674 1905 738 simillimam
1950 681 2117 738 em'm
2168 679 2349 739 vocis
2394 671 2692 756 pronuntia·

552 807 783 869 tionem
831 804 1360 888 comprobandam
1403 814 1504 868 est
1549 805 1918 869 adhibitum.
2019 808 2236 887 Quid?
2290 809 2447 890 quod
2500 827 2566 869 ne
2607 823 2692 867 usu

547 949 810 1021 recepta
869 938 1121 1022 quidem
1166 940 1607 1020 monosyllaba
1651 942 1967 1024 scriptura
2009 944 2172 1006 alius
2218 946 2398 1012 vocis
2428 937 2693 1006 cuiusdam

550 1073 634 1136 de
689 1093 849 1137 vera
908 1073 1153 1137 ratione
1209 1055 1533 1136 admonuit
1557 1069 1594 1135 ’ἐ
1679 1076 1846 1136 Nam
1917 1073 2061 1156 quid
2118 1086 2222 1138 est
2279 1093 2399 1157 quo
2453 1092 2488 1136 a
2526 1085 2692 1132 mono-

550 1203 806 1287 syllaba
850 1206 1050 1266 bonas
1097 1204 1204 1265 vel
1245 1222 1462 1265 senem
1506 1203 1712 1266 forma
1769 1222 2003 1265 nanas
2061 1203 2312 1266 differat
2355 1223 2460 1288 pro
2495 1207 2692 1263 minas

549 1338 740 1401 scribi
792 1336 1105 1402 solitum?
1190 1336 1438 1418 Quodsi
1501 1338 1664 1402 haee
1718 1340 2015 1421 exempla
2070 1342 2280 1405 omnia
2323 1338 2554 1422 quaeris
2590 1330 2692 1415 quid

549 1472 709 1534 inter
746 1489 821 1534 se
864 1487 1200 1533 commune
1238 1470 1553 1550 habeant,
1618 1468 1806 1533 facile
1865 1489 1943 1531 eo
2003 1476 2379 1553 pervenies,
2448 1477 2511 1532 ut
2560 1463 2695 1528 certis

553 1603 1030 1668 condicionibus
1085 1603 1224 1685 regi
1282 1603 1407 1666 ltoc
1483 1620 1695 1685 genus
1750 1604 2117 1667 universum
2184 1604 2537 1684 intelligas,
2577 1591 2694 1679 quod

550 1737 897 1799 binarum
975 1735 1491 1817 syllabarum
1563 1741 1718 1810 (non
1761 1737 2042 1800 binarum
2088 1739 2410 1801 vocalium
2453 1752 2584 1797 sese
2614 1747 2693 1789 ex·

551 1868 954 1950 cipientium)
1015 1867 1089 1927 in
1140 1885 1361 1928 unam
1411 1869 2005 1932 contractione
2052 1871 2427 1933 continetur.
2510 1862 2693 1929 Etenim

557 2010 625 2064 et
665 2002 975 2065 nomina
1040 2008 1189 2064 sunt
1252 2002 1462 2065 omnia
1507 2002 1613 2063 vel
1658 2002 2172 2086 particulae,
2231 2024 2361 2068 non
2417 1999 2616 2065 verbat
2658 2000 2697 2054 et

558 2134 983 2197 iambicam
1026 2152 1387 2197 mensuram
1435 2140 1712 2216 aequant
1753 2136 1978 2209 omnia,
2025 2136 2130 2197 vel
2170 2135 2344 2217 quod
2389 2132 2592 2195 eodem
2627 2144 2694 2188 re-

554 2269 695 2351 dit,
762 2265 1312 2349 pyrrhichiacam:
1376 2275 1442 2326 et
1504 2285 1716 2328 unam
1777 2275 2018 2329 tantum
2067 2267 2228 2330 inter
2275 2270 2455 2331 binas
2494 2222 2696 2327 vo'cales

563 2409 1128 2469 consonantem
1180 2399 1420 2463 habent
1463 2416 1729 2482 eamque
1771 2409 2012 2465 tantum
2058 2420 2180 2464 non
2221 2420 2479 2484 semper
2519 2392 2698 2480 liqui·

553 2535 749 2600 dam.
837 2537 912 2596 In
969 2533 1206 2596 talibus
1266 2533 1461 2615 igitur
1511 2534 1787 2596 vocibus
1842 2536 2324 2617 bisyllabis
2381 2556 2517 2600 eam
2557 2532 2697 2597 mim

559 2669 720 2730 vim
790 2670 1147 2731 litterae
1208 2666 1562 2749 liquidae
1622 2667 2101 2752 contendimus,
2168 2680 2258 2735 ut‘
2305 2673 2515 2755 aliquo
2566 2659 2742 2727 modo2

557 2801 880 2866 extrita
935 2797 1158 2860 brevi
1204 2815 1368 2878 quae
1412 2797 1834 2879 praecederet
1889 2802 2172 2864 vocali
2223 2823 2397 2867 unsa
2453 2810 2699 2868 tantun

551 2932 895 3017 syllaba
933 2929 1262 2993 audiretur
1289 2974 1307 3010 ,
1349 2930 1414 2992 id
1457 2932 1620 3013 quod
1663 2932 1934 3015 quadam
1978 2944 2130 2997 nota
2175 2938 2490 3021 singulari
2525 2934 2612 2997 sio
2640 2928 2701 2989 si·

553 3065 933 3153 gnificamns
983 3050 1174 3139 abnui,
1226 3053 1457 3125 tc'imen.
1545 3062 1692 3125 Non
1737 3063 1862 3127 hoc
1908 3068 2032 3128 ullo
2060 3068 2252 3131 modo
2299 3063 2700 3131 contendimus
2739 3056 2740 3081 ³

550 3201 796 3263 famum
848 3192 911 3257 id
970 3211 1124 3256 esse
1178 3193 1237 3255 in
1300 3192 1632 3257 illiusmodi
1689 3197 2017 3278 omnibus,
2078 3200 2193 3263 sed
2253 3205 2547 3284 potuisse
2597 3189 2702 3266 fieri,

545 3336 677 3399 acri
736 3341 949 3396 autem
1008 3330 1442 3410 exemplorum
1503 3331 2057 3413 pervestigatione
2100 3351 2139 3394 a
2188 3335 2383 3398 nobis
2425 3326 2705 3397 eruendum

547 3487 739 3548 esse,
798 3468 856 3529 in
903 3463 1131 3547 quibus
1176 3460 1414 3523 factum
1462 3460 1544 3522 sit
1590 3479 1838 3543 reapse.
1923 3464 2092 3525 Nam
2142 3486 2178 3527 e
2222 3474 2572 3548 perspecta
2607 3428 2738 3542 lege(

546 3602 836 3669 Plautina
882 3598 1141 3660 criticae
1186 3595 1340 3658 artis
1383 3594 1491 3656 lex
1546 3595 1947 3658 consectaria
2004 3594 2169 3660 haec
2229 3609 2339 3662 est
2402 3612 2500 3683 ut,
2560 3586 2707 3660 sicubi

2735 3718 2736 3785 ἦ

672 3910 792 3949 cum
839 3896 1087 3947 Plautino
1143 3896 1398 3948 temerius
1454 3898 1827 3948 conferendus.
1917 3900 2028 3948 Nec
2083 3900 2195 3949 t'ere
2241 3900 2428 3952 minus
2481 3895 2710 3951 dist—,rinch

670 3998 813 4048 inter
849 3998 1100 4060 loquendi
1138 4011 1309 4060 genus
1346 3998 1525 4047 Plauti
1563 3997 2008 4063 publicorumque
2063 4010 2537 4053 monumentorum
2570 3997 2734 4057 solen-l

671 4110 788 4148 nem
823 4099 1259 4149 consuetudinem
1295 4100 1669 4151 intercessisse
1716 4113 1848 4150 non·
1876 4105 2083 4150 tantum
2121 4106 2247 4151 ante
2292 4110 2533 4154 mortem
2565 4100 2713 4164 poene

672 4198 874 4249 factum
918 4198 1020 4249 SC.
1059 4202 1121 4249 de
1161 4201 1521 4253 Bacanalibus
1569 4205 1662 4254 sed
1693 4189 1860 4254 ‘etiam
1898 4202 2213 4268 posterioris
2259 4205 2472 4255 aetatis
2525 4204 2658 4265 lege-⁸
2682 4196 2714 4240 Β

673 4302 889 4353 tabulae
925 4306 1178 4355 testatum
1218 4302 1438 4355 faciunt.
