2824 4890
492 341 810 409 CCCXX

500 525 830 590 crederem
847 569 869 606 ,
927 520 1040 585 vel
1097 537 1286 584 unum
1350 518 1582 582 bonum
1637 526 1706 581 et
1745 481 2124 580 concinnum
2181 512 2579 575 versiculum
2626 514 2719 577 ab

487 679 577 724 eo
624 674 968 740 procusum
1014 673 1197 734 esse,
1240 654 1343 736 qui
1388 653 1625 714 mixtos
1666 649 1922 713 scilicet
1972 669 2011 714 e
2057 647 2380 760 trechaico
2422 656 2488 710 et
2533 650 2718 714 ian-

489 793 637 858 bicc
719 811 983 856 numero
1043 789 1467 855 Terentiano·
1525 789 1665 852 illos
1727 770 2133 868 concoquere
2204 789 2411 869 potuit
2465 785 2722 850 Adhuc

499 922 816 1003 Archylis
858 941 1024 1002 quae
1063 907 1362 984 adsolent
1399 938 1688 1000 quaeque
1725 923 1970 997 oportet
2012 935 2066 981 e.
2111 935 2187 998 ιι.-
2215 934 2272 979 s.

565 1107 568 1112 ,
669 1055 743 1116 ln
786 1050 1250 1118 didascalia
1291 1050 1645 1116 Trinummi
1703 1067 1872 1113 nunc
1938 1047 2267 1130 deperdita
2319 1047 2491 1130 quod
2560 1052 2713 1114 elim

500 1187 736 1254 lectum
781 1204 933 1250 esse
969 1187 1216 1251 conieci
1282 1186 1547 1269 Parerg.
1609 1205 1656 1266 ι,
1715 1205 1776 1266 p.
1834 1184 1989 1266 848,
2032 1202 2271 1252 scum
2313 1203 2521 1251 Lvms
2579 1207 2717 1251 aa·

504 1335 920 1385 canassmvs
976 1337 1121 1385 eam
1182 1317 1462 1384 fabulam
1529 1335 1705 1398 esse,
1770 1317 1913 1382 eius
1968 1336 2072 1381 me
2130 1319 2546 1384 coniecturae
2594 1339 2716 1383 nou

487 1455 826 1539 paenituit.
914 1454 1325 1538 impugnavit
1372 1461 1585 1516 tamen
1626 1470 1767 1514 eam
1811 1451 2151 1515 Eduardus
2178 1453 2468 1519 fleiems
2494 1468 2720 1520 noster

502 1606 585 1651 eo
631 1588 1171 1668 commentariolo,
1217 1587 1404 1649 cuius
1447 1606 1583 1668 cap.
1644 1606 1711 1651 n.
1756 1588 1995 1653 mentio
2038 1588 2211 1652 facta
2251 1597 2381 1671 est,
2410 1590 2542 1653 hoe
2568 1591 2716 1674 qni-

506 1719 649 1783 dem
693 1729 1074 1802 argumento
1116 1736 1273 1782 usus
1317 1718 1520 1802 quod,
1563 1737 1709 1782 cum
1753 1737 1882 1802 ego
1927 1724 2106 1783 r'ecte
2157 1719 2711 1784 demonstrassem

502 1870 625 1914 nec
658 1849 966 1913 Romanis
995 1848 1160 1911 ludis
1192 1866 1316 1912 uec
1345 1850 1591 1931 plebeis
1624 1869 1741 1914 uec
1771 1849 2243 1931 Apollinaribus
2272 1869 2471 1932 posse
2502 1864 2708 1916 actam

505 1998 682 2062 esse,
725 2000 854 2047 non
895 1980 1284 2063 cogitassem
1330 1981 1412 2045 de
1454 1982 1615 2046 ludis
1661 1983 2047 2050 funebribus.
2105 1983 2413 2068 Cogitavi
2460 2004 2588 2070 ego
2630 1984 2708 2047 de

500 2115 626 2179 illis
666 2111 992 2197 profecto,
1035 2085 1156 2200 sed
1199 2125 1269 2179 ut
1311 2117 1539 2180 alienis
1579 2118 1659 2180 ab
1701 2117 1827 2181 hac
1867 2117 2261 2199 quaestione.
2338 2117 2707 2201 Eodemque

503 2246 643 2312 iure
683 2257 883 2329 atque
921 2246 1087 2311 adeo
1128 2249 1368 2312 maiore
1410 2248 1530 2313 dici
1569 2258 1864 2331 potuerat
1904 2269 2009 2313 me
2065 2269 2185 2313 non
2241 2251 2577 2334 cogitasse
2632 2251 2707 2317 dc

506 2377 601 2442 eis
644 2378 809 2442 ludis
851 2397 1013 2464 quos
1056 2378 1453 2443 dedicandae
1506 2379 1689 2444 aedis
1734 2398 1976 2445 caussa
2018 2381 2230 2445 factos
2275 2401 2428 2449 esse
2467 2382 2708 2449 ostmdi

508 2533 570 2595 p,
614 2514 760 2582 287.
797 2514 943 2579 296.
1040 2514 1293 2597 Quippe
1334 2514 1549 2587 dedita
1591 2535 1788 2596 opera
1827 2517 1910 2580 ab
1952 2515 2499 2604 extraordinariis,
2542 2538 2706 2600 qua-

487 2648 604 2717 les
640 2668 756 2731 per
798 2649 1070 2713 rariores
1110 2653 1624 2731 opportunitates
1666 2647 1804 2710 fleri
1849 2630 2185 2729 potuerunt
2208 2694 2230 2732 ‚
2272 2659 2485 2714 statos
2529 2652 2708 2715 ludos

508 2766 784 2842 discrevi
830 2778 935 2859 qui
977 2781 1172 2841 certis
1216 2776 1442 2841 diebus
1490 2779 1841 2859 quotannis·
1869 2776 2167 2858 redirent,
2203 2779 2562 2863 horumque
2598 2799 2707 2843 so-

504 2909 703 2972 lorum
754 2916 1155 2972 constantem
1203 2908 1620 2996 frequentiam
1664 2909 2130 2990 respiciendam
2174 2914 2399 2994 putavi
2442 2914 2545 2976 nbi
2586 2932 2705 2977 uon

506 3048 635 3103 tam
680 3040 744 3105 id
788 3049 1088 3124 ageretur
1130 3050 1201 3105 ut
1242 3042 1658 3108 concludendi
1700 3045 2086 3110 necessitate
2123 3066 2369 3127 verum,
2412 3065 2597 3129 quam
2646 3054 2709 3109 ut

507 3169 923 3237 ratiocinandi
970 3171 1409 3252 probabilitate
1451 3174 1727 3237 maxime
1768 3174 1974 3237 simile
2017 3176 2152 3239 veri
2198 3185 2539 3240 erueretur.
2629 3175 2709 3238 Et

505 3305 808 3371 funebres
849 3304 1103 3389 quidem
1149 3303 1337 3369 ludos
1379 3306 1560 3387 ipsos
1604 3307 1853 3387 quoties
1896 3306 2147 3369 omuino
2194 3308 2298 3370 illa
2340 3315 2559 3370 aetate
2608 3307 2705 3369 ra-

510 3447 657 3504 ctos
699 3458 849 3503 esse
891 3439 1139 3503 Romae
1181 3436 1594 3522 putabimus?
1636 3442 1707 3502 Iu
1751 3440 1978 3523 quibus
2022 3438 2187 3522 quod
2233 3439 2524 3517 haerere,
2565 3455 2697 3500 cum

508 3567 591 3637 de
634 3568 986 3636 fabularum
1011 3554 1482 3637 commissione
1524 3574 1880 3656 quaeritur,
1942 3572 2241 3655 cogitatio
2284 3581 2502 3636 nostra
2558 3589 2705 3633 cou-

507 3703 746 3783 suevit,
790 3702 856 3766 id
898 3708 1066 3768 satis
1107 3707 1414 3788 singulari
1458 3723 1613 3770 casu
1657 3704 1961 3777 effectum
2006 3703 2131 3767 hoc
2164 3711 2293 3785 est,
2335 3700 2503 3786 qnod
2530 3722 2568 3764 e
2597 3719 2705 3763 sex

507 3838 744 3905 fabulis
784 3837 1189 3903 Terentiauis
1234 3838 1395 3904 duas
1434 3836 1729 3915 traditum
1758 3845 1862 3901 est
1884 3855 1999 3918 per
2029 3835 2380 3899 funebrium
2412 3834 2704 3907 ludorum,

507 3973 631 4041 sed
676 3972 1048 4056 eorundem,
1094 3973 1503 4038 occasionem
1550 3978 1733 4035 actas
1776 3987 1946 4034 esse.
2036 3968 2280 4032 Verum
2334 3968 2403 4032 hi
2447 3966 2575 4032 ludi
2614 3985 2707 4029 re·

512 4108 902 4177 cordaudum
947 4121 1050 4177 est
1088 4116 1156 4178 in
1197 4112 1381 4175 cuius
1426 4111 1729 4175 bonorem
1774 4110 1925 4175 facti
1965 4110 2124 4174 sintx
2170 4109 2272 4191 qui
2319 4109 2439 4173 suit
2484 4109 2560 4172 L.
2582 4110 2707 4170 Aa·

513 4246 725 4311 millus
767 4248 1050 4330 Paullus,
1096 4250 1194 4315 vir
1240 4257 1307 4315 et
1349 4254 1730 4316 auctoritate
1775 4260 1843 4314 et
1882 4251 2094 4332 gratia
2135 4250 2352 4331 populi
2391 4251 2457 4314 in
2502 4248 2707 4331 paucis
