2824 4890
2143 361 2293 426 cm

165 542 507 620 dampnum
550 560 609 606 v.
648 540 786 607 219.
837 541 981 607 814.
1023 542 1172 623 585,
1219 551 1740 621 oontsmpm’t
1778 563 1840 605 v.
1882 542 2056 624 823,
2101 558 2291 626 utque

160 674 290 738 adeo
329 684 764 755 contempnas
807 696 869 742 v,
910 675 1052 739 837.
1092 674 1301 755 ,Quae
1342 677 1398 739 si
1450 678 1554 757 qui
1600 696 1721 740 non
1766 697 1805 739 e
1848 675 2095 758 vulgari
2138 693 2290 757 pro-

157 807 422 876 nuntiandi
460 807 914 874 eonsuetudine
971 809 1170 890 ipsius
1211 808 1606 889 antiquitatis
1650 810 1870 871 relicta
1924 826 2114 890 esse,
2172 808 2289 872 sed

159 939 429 1004 codicibus
483 942 927 1006 inhaerescere
978 960 1017 1002 e
1063 941 1485 1022 posteriorum
1544 942 1944 1005 saeculorum
2001 939 2291 1004 barbarie

154 1076 459 1154 opinantur:
522 1077 632 1158 qui
673 1073 927 1140 tandem
969 1073 1205 1142 foetum
1251 1072 1478 1136 dicent
1534 1082 1637 1153 ut,
1696 1091 1823 1155 quo
1887 1074 1994 1153 qui
2050 1090 2092 1134 a
2134 1072 2286 1134 bar-

151 1202 286 1268 bario
329 1209 568 1288 propior
622 1203 831 1268 codex
894 1211 1045 1285 est,
1110 1222 1187 1266 eo
1249 1205 1496 1272 illarum
1552 1203 1806 1286 quidem
1868 1203 2285 1284 asperitatum

148 1339 350 1419 ninus,
402 1359 479 1401 eo
519 1348 734 1404 sutem
783 1340 923 1420 plus
968 1347 1221 1418 teneat,
1286 1358 1414 1420 quo
1460 1339 1539 1402 ab
1583 1340 1690 1402 ills
1733 1347 1838 1403 est
1880 1337 2180 1402 remotior
2223 1346 2288 1402 et

144 1475 354 1553 propius
390 1474 468 1538 sd
510 1476 949 1555 antiquitatem
996 1468 1370 1537 secedens?
1417 1474 1482 1536 N
1488 1491 1566 1535 ee
1609 1472 1690 1536 de
1733 1441 2039 1552 temptare
2085 1474 2288 1538 forms

142 1616 255 1687 poet
289 1609 623 1672 Bentleium
671 1609 731 1670 in
772 1608 1026 1671 Phorm.
1071 1625 1172 1687 111,
1197 1605 1263 1688 3,
1301 1607 1376 1670 19
1419 1605 1611 1668 hodie
1655 1605 1792 1669 fere
1835 1604 2174 1669 dubitatur.
2205 1639 2286 1654 ·—

140 1737 476 1807 offensimnis
506 1745 700 1809 etism
745 1744 889 1825 plus
930 1740 1170 1806 hebere
1212 1741 1733 1804 thensaurus
1777 1739 2094 1803 videbitur
2124 1756 2284 1801 eon-

134 1877 471 1942 mutissimo
513 1878 807 1942 ecdicum
853 1896 971 1940 usu
1014 1877 1489 1939 confirmatum:
1556 1872 1726 1954 quod
1772 1872 1891 1934 etsi
1938 1871 2130 1936 facile
2180 1882 2283 1935 est

132 2011 328 2074 ratione
368 2032 515 2077 esse
562 2013 944 2077 destitutum
988 2013 1364 2095 intelligere,
1410 2020 1624 2074 tamen
1672 2009 2110 2073 demonstrare
2154 2008 2283 2072 dif-

130 2137 258 2203 ficile
306 2145 478 2208 suerit
520 2165 653 2208 nou
712 2146 1002 2227 potuisse
1056 2162 1258 2226 prava
1318 2141 1592 2225 quadam
1634 2142 2062 2206 Romanorum
2123 2158 2283 2204 eon-

130 2275 408 2340 suetudine
448 2295 717 2361 prorsus
744 2276 1216 2355 increbescere,
1262 2277 1635 2358 praesertim
1682 2293 1826 2338 eum
1871 2275 2185 2338 coniicere
2228 2275 2286 2338 in

129 2422 371 2495 promptu
433 2418 516 2478 sit
585 2434 665 2478 eo
715 2414 858 2479 illos
923 2419 1150 2477 totiens
1206 2420 1498 2497 quotiens
1558 2413 1986 2493 compluriens
2042 2416 2284 2475 uiciens

120 2547 460 2611 vicmannus
502 2551 850 2612 formarum
894 2546 1305 2610 simnitudine
1349 2545 1581 2609 duetus
1621 2563 1795 2607 esse.
1848 2546 1949 2607 De
1982 2548 2086 2609 his
2115 2546 2279 2608 euim

123 2676 167 2737 si
201 2680 489 2745 oredimus
532 2680 908 2761 codicibus,
949 2682 1006 2742 si
1048 2680 1130 2742 de
1170 2684 1621 2757 surrupuisse,
1679 2678 1738 2739 si
1778 2676 1858 2741 de
1899 2680 2062 2755 hau,
2110 2676 2280 2759 quod

122 2824 247 2875 essu
281 2822 513 2877 tautum
560 2813 805 2876 factum
846 2825 948 2875 est
989 2821 1061 2874 ut
1102 2812 1367 2874 aliorum
1396 2830 1652 2894 quoque
1678 2813 1745 2873 vi
1771 2813 2276 2875 testimoniorum

120 2912 460 3025 eomprobsri
513 2947 827 3029 potuerit:
882 2946 1032 3027 quid
1089 2954 1190 3007 est
1247 2963 1361 3008 cur
1402 2949 1722 3010 communi
1764 2947 2114 3009 consensui
2157 2966 2277 3010 eo·-

120 3076 336 3141 rundem
376 3075 683 3142 codicum
723 3098 845 3140 non
888 3076 1227 3141 credamus
1272 3077 1353 3139 de
1395 3077 1522 3157 illo,
1567 3076 1740 3158 quod
1784 3079 2094 3141 contrario
2118 3097 2274 3142 essu

120 3210 293 3272 evenit
331 3221 400 3274 ut
443 3214 574 3275 alia
617 3213 998 3274 auctoritate
1052 3212 1285 3274 firmari
1339 3232 1464 3275 non
1517 3211 1773 3293 possit?
1858 3214 2006 3276 Nee
2048 3214 2267 3276 mirum

112 3343 163 3401 in
199 3341 308 3407 hoe
347 3348 753 3428 potissimum
797 3347 1139 3427 vocabulo,
1184 3355 1255 3409 ut
1299 3348 1486 3409 euius
1529 3366 1687 3409 vers
1734 3349 1918 3428 origo
1963 3345 2272 3407 neminem

112 3467 302 3553 fugere
340 3487 603 3559 posset,
658 3480 956 3544 insertam
999 3500 1044 3542 η
1089 3482 1361 3545 litteram
1405 3483 1546 3545 aliis
1604 3481 2044 3565 displicuisse,
2092 3483 2264 3546 velut

109 3598 308 3668 Servio
346 3609 406 3670 in
453 3614 620 3672 Aen.
663 3628 723 3690 ι,
765 3610 926 3692 359,
978 3613 1123 3675 sive
1177 3614 1233 3675 is
1290 3616 1431 3696 ipse
1476 3613 1782 3678 iudicavit
1821 3616 1967 3677 sive
2013 3625 2272 3678 veteres

106 3737 326 3803 criticos
364 3754 635 3807 secutus
678 3755 797 3809 est.
886 3746 1192 3810 Ceterum
1237 3749 1428 3813 etiam
1471 3750 1529 3811 in
1570 3750 1978 3828 Meqalensia
2020 3749 2272 3812 Foren-

103 3872 188 3931 εἰσ
222 3877 561 3941 Hortensia
601 3885 898 3945 extritum
942 3903 987 3945 η
1025 3892 1304 3964 constat,
1351 3886 1701 3947 immissum
1734 3887 1795 3949 in
1822 3885 1966 3947 aliis
1994 3885 2274 3964 plurimis

100 4017 250 4081 quae
293 4009 568 4076 conradi
616 4013 986 4079 Schneideri
1029 4016 1353 4101 diligentis
1398 4019 1734 4099 congessit
1776 4037 1835 4096 p.
1876 4016 2000 4078 457
2030 4033 2168 4097 sqq.
2193 4046 2274 4062 —-

104 4139 190 4203 Ab
229 4146 397 4210 initio
441 4152 890 4215 vocabulorum
937 4152 1120 4215 binas
1175 4172 1288 4233 pro
1344 4151 1611 4230 simplici
1671 4160 2101 4215 consonantes
2147 4172 2268 4218 uon

106 4280 193 4333 θεὲ
239 4273 639 4345 dubitandum
699 4284 846 4367 quin
894 4286 1189 4348 Plautina
1229 4297 1410 4348 aetas
1458 4292 1823 4349 coiistanter
1874 4291 2163 4367 posuerit
2208 4290 2268 4351 in
