2824 4890
505 328 688 406 CLX

507 511 595 573 ita
639 510 1091 593 perstringere,
1135 518 1206 572 ut
1247 510 1310 572 iu
1356 512 1455 574 eis
1495 511 1918 591 potissimum,
1965 510 2048 575 de
2076 511 2305 594 quibus
2331 512 2412 574 ab
2442 513 2691 574 aliorum

504 641 751 723 placitis
796 641 943 703 mihi
989 660 1145 705 esse
1168 641 1674 706 dissentiendum
1703 643 1987 724 videam,
2029 662 2197 706 nunc
2222 645 2531 707 subsistat
2569 645 2694 706 dis-

507 775 774 856 putatio,
820 783 1070 855 praeter
1112 783 1330 837 cetera
1374 784 1586 838 autem
1633 775 2006 838 certioribus
2045 773 2274 838 finibus
2317 795 2396 839 ea
2434 778 2697 840 circun-
2793 857 2794 860 Ἴ

506 906 919 986 cumscribat‚
966 923 1127 987 quae
1168 925 1295 967 non
1337 906 1630 989 ignorata
1671 908 1872 988 vulgo
1911 915 2128 972 tamen
2163 908 2347 968 nimis
2383 916 2700 986 vagantur
2793 893 2794 946 Ῡ

505 1036 904 1116 plurimorum
934 1035 1239 1115 opinione.
1287 1037 1369 1098 Et
1392 1037 1685 1115 quoniam
1717 1034 1779 1096 in
1816 1034 2295 1097 usitatissimam
2336 1037 2699 1100 binarum

508 1168 930 1229 vocalium
980 1166 1442 1246 synizesim
1487 1167 1695 1245 paullo
1720 1175 1869 1230 ante
1890 1168 2092 1230 oratio
2116 1168 2355 1249 incidit,
2395 1168 2504 1230 hic
2548 1189 2699 1251 quo-

503 1319 629 1380 quo
673 1297 823 1359 illud
869 1294 1335 1359 observandum
1381 1305 1496 1376 est*
1525 1304 1778 1378 praeter
1822 1306 2080 1378 cetera,
2135 1309 2204 1362 ut
2246 1310 2312 1363 et
2355 1310 2694 1362 metrorum

507 1444 748 1507 genera
792 1435 855 1486 et
899 1443 1144 1508 genera
1194 1424 1645 1486 vocabulorum
1701 1423 2186 1507 diligentissime
2250 1425 2699 1492 discernantur.

507 1560 695 1622 Mitto
740 1575 907 1621 nuuc
965 1561 1151 1618 dein
1208 1559 1504 1617 deinde
1563 1559 1868 1618 debinc
1899 1566 2144 1637 proin
2184 1565 2542 1638 proinde
2585 1568 2698 1628 de-

506 1711 775 1752 orsum
811 1710 1181 1762 seorsum
1215 1696 1520 1765 praeut
1551 1663 2699 1767 praeoptareCTrin.6-18)eoire

507 1829 782 1887 anteit
820 1824 1173 1884 antehae
1215 1827 1574 1884 introire
1618 1823 1859 1897 (mlo)
1903 1829 2304 1905 quoniam,
2349 1824 2502 1904 alia,
2544 1843 2696 1906 quae

505 1971 845 2034 numquam
890 1953 1006 2014 nisi
1050 1960 1375 2016 contracte
1421 1952 1593 2015 dicta
1633 1962 1819 2015 suntt
1880 1970 2023 2014 nam
2069 1955 2392 2026 introibis,
2453 1952 2544 2013 de
2589 1970 2696 2034 quo

505 2106 663 2148 vere
722 2087 844 2148 iam
887 2084 1216 2146 Bentleius
1261 2082 1322 2143 in
1365 2081 1562 2144 Andr.
1608 2098 1682 2161 v,
1726 2081 1795 2163 2,
1839 2082 1882 2142 9
1924 2084 2150 2163 sensit,
2197 2102 2280 2144 ne
2325 2083 2574 2145 Bacch.
2619 2099 2698 2156 tv,

503 2222 570 2300 8,
610 2218 696 2280 66
736 2216 983 2300 quidem
1032 2223 1332 2297 quattuor
1376 2231 1527 2276 esse
1569 2212 1960 2295 syllabarum
2002 2212 2237 2296 credo,
2294 2213 2415 2277 sed
2469 2213 2698 2299 aliquid
2792 2183 2794 2233 †

508 2349 828 2412 excidisse
871 2344 1261 2418 huiusmodi:

756 2514 926 2574 Nam
971 2507 1123 2593 quid
1166 2529 1245 2573 eo
1290 2507 1624 2573 introibis?
1667 2497 1778 2572 'Vt
1822 2529 1967 2573 eum
2014 2509 2204 2572 dictis
2248 2506 2587 2593 pltirumis.

511 2672 864 2735 Meti-orum
912 2676 1127 2733 autem
1175 2657 1534 2731 diversitati
1579 2654 1879 2752 quantum
1926 2670 2322 2734 tribuendum
2367 2672 2477 2753 sit,
2530 2672 2696 2735 lucu·

506 2805 862 2868 lentissime
923 2820 1140 2865 eorum
1203 2803 1657 2866 vocabulorum
1720 2804 2013 2883 exemplo
2078 2812 2377 2885 apparet,
2446 2823 2696 2886 quorun

506 2937 866 2997 terminatio
905 2940 932 2996 i
974 2935 1264 2995 vocalem
1309 2934 1501 2996 habet
1545 2936 1649 2996 alii
1705 2936 1918 2997 vocali
1982 2937 2420 3016 praemissam.
2532 2940 2694 3001 satis

507 3054 763 3131 constat
795 3065 876 3128 de
904 3065 1361 3146 monosyllabis
1404 3067 1612 3141 dies,
1662 3069 1788 3127 diu
1826 3067 2026 3141 (Trin.
2049 3068 2151 3128 65.
2178 3067 2694 3139 578.685.843):
2787 3140 2793 3169 Ὗ

508 3216 817 3279 nunquam
853 3205 1093 3277 autem,
1136 3196 1197 3259 id
1232 3195 1396 3277 quod
1443 3203 1892 3258 asseveranter
1934 3190 2262 3259 afffrmare
2307 3166 2476 3279 licetss
2521 3200 2693 3282 syni-

504 3333 705 3394 zesim
746 3335 808 3392 iu
849 3330 1117 3392 senariis
1158 3327 1412 3407 quidem
1456 3331 1968 3408 septenariisque
2006 3328 2193 3390 ulnus
2238 3330 2400 3392 alius
2443 3331 2693 3393 nominis
2779 3404 2790 3413 „

504 3465 670 3525 ullus
714 3481 911 3526 casus
956 3469 1243 3542 (praeter
1294 3461 1647 3544 genitivum
1693 3461 2021 3523 secundae
2065 3462 2542 3534 declinationis)
2581 3459 2689 3522 ad·

505 3593 698 3673 misit,
745 3612 864 3654 nec
903 3597 1302 3655 mendacium
1343 3612 1466 3656 nec
1502 3597 1827 3654 mendacia
1868 3612 1986 3656 nec
2023 3594 2522 3665 mendaciorum,
2562 3590 2694 3653 sin

504 3726 669 3789 haec
726 3726 1131 3789 substantiva
1189 3733 1334 3787 sunt
1395 3727 1540 3787 sive
1605 3726 1927 3789 adiectiva
1954 3768 1973 3805 ,
2040 3745 2159 3788 nec
2212 3728 2535 3787 mendacio
2570 3734 2680 3783 nec

502 3859 853 3918 mendaciis
897 3873 1019 3919 nec
1063 3860 1428 3918 mendacior
1469 3864 1771 3920 certiores
1811 3861 2210 3934 mortalium,
2273 3877 2397 3921 nec
2441 3859 2546 3920 vel
2584 3874 2694 3915 εο-

500 3990 740 4063 pientio
788 3988 998 4065 yioria
1047 3987 1153 4048 vel
1213 3992 1388 4047 acies
1429 3989 1535 4048 vel
1571 3987 1771 4066 factio
1811 3992 2014 4048 oratio
2057 4006 2197 4048 cum
2236 3990 2378 4049 suis
2424 3984 2692 4059 usibus,

506 4136 624 4182 nec
665 4125 922 4181 nescius
965 4123 1194 4181 tertium
1219 4122 1538 4181 obnoxius
1565 4136 1685 4180 uec
1709 4120 2096 4181 obnoxiam
2122 4117 2226 4178 vel
2253 4118 2692 4194 impendium

511 4248 754 4313 Contra
816 4252 903 4317 ab
960 4250 1083 4313 illis
1143 4252 1366 4314 metris
1424 4251 1818 4332 simulatque
1872 4250 2176 4314 transitus
2222 4252 2434 4315 factus
2473 4253 2569 4309 est
2607 4240 2687 4303 οδ
