<?xml version="1.0" encoding="UTF-8"?>
<!DOCTYPE html PUBLIC "-//W3C//DTD XHTML 1.0 Transitional//EN"
    "http://www.w3.org/TR/xhtml1/DTD/xhtml1-transitional.dtd">
<html xmlns="http://www.w3.org/1999/xhtml" xml:lang="en" lang="en">
 <head>
  <title>
</title>
<meta http-equiv="Content-Type" content="text/html;charset=utf-8" />
  <meta name='ocr-system' content='tesseract 3.04.00' />
  <meta name='ocr-capabilities' content='ocr_page ocr_carea ocr_par ocr_line ocrx_word'/>
</head>
<body>
  <div class='ocr_page' id='page_1' title='image "./tmacciplauticom03ritsgoog_0143.png"; bbox 0 0 2824 4890; ppageno 0'>
   <div class='ocr_carea' id='block_1_1' title="bbox 2029 378 2307 480">
    <p class='ocr_par' dir='ltr' id='par_1_1' title="bbox 2029 378 2307 480">
     <span class='ocr_line' id='line_1_1' title="bbox 2029 378 2307 480; baseline 0.004 -37"><span class='ocrx_word' id='word_1_1' title='bbox 2029 378 2248 444; x_wconf 77' lang='lat' dir='ltr'><strong>cxm</strong></span> <span class='ocrx_word' id='word_1_2' title='bbox 2291 470 2307 480; x_wconf 28' lang='grc' dir='ltr'><strong><em>ο</em></strong></span> 
     </span>
    </p>
   </div>
   <div class='ocr_carea' id='block_1_2' title="bbox 71 561 2309 4112">
    <p class='ocr_par' dir='ltr' id='par_1_2' title="bbox 245 561 2245 892">
     <span class='ocr_line' id='line_1_2' title="bbox 247 561 2243 648; baseline 0 -22"><span class='ocrx_word' id='word_1_3' title='bbox 247 564 310 627; x_wconf 84' lang='lat' dir='ltr'><strong>Di</strong></span> <span class='ocrx_word' id='word_1_4' title='bbox 331 561 709 645; x_wconf 84' lang='lat' dir='ltr'><strong>immortales,</strong></span> <span class='ocrx_word' id='word_1_5' title='bbox 735 562 998 629; x_wconf 59' lang='lat' dir='ltr'><strong>bisilica</strong></span> <span class='ocrx_word' id='word_1_6' title='bbox 1024 563 1129 628; x_wconf 84' lang='lat' dir='ltr'><strong>hic</strong></span> <span class='ocrx_word' id='word_1_7' title='bbox 1158 567 1408 648; x_wconf 64' lang='lat' dir='ltr'><strong>quidem</strong></span> <span class='ocrx_word' id='word_1_8' title='bbox 1439 563 1723 628; x_wconf 64' lang='lat' dir='ltr'><strong>fdcinora</strong></span> <span class='ocrx_word' id='word_1_9' title='bbox 1745 563 2026 646; x_wconf 71' lang='lat' dir='ltr'><strong>inceptat</strong></span> <span class='ocrx_word' id='word_1_10' title='bbox 2053 566 2243 648; x_wconf 85' lang='lat' dir='ltr'><strong>loqui.</strong></span> 
     </span>
     <span class='ocr_line' id='line_1_3' title="bbox 245 693 2245 780; baseline 0.002 -24"><span class='ocrx_word' id='word_1_11' title='bbox 245 693 412 758; x_wconf 69' lang='lat' dir='ltr'><strong>Mlius</strong></span> <span class='ocrx_word' id='word_1_12' title='bbox 458 707 557 760; x_wconf 90' lang='lat' dir='ltr'><strong>est</strong></span> <span class='ocrx_word' id='word_1_13' title='bbox 594 696 696 760; x_wconf 84' lang='lat' dir='ltr'><strong>hic</strong></span> <span class='ocrx_word' id='word_1_14' title='bbox 741 700 992 778; x_wconf 76' lang='lat' dir='ltr'><strong>quidem</strong></span> <span class='ocrx_word' id='word_1_15' title='bbox 1035 693 1361 761; x_wconf 64' lang='lat' dir='ltr'><strong>Stasimus</strong></span> <span class='ocrx_word' id='word_1_16' title='bbox 1404 716 1659 763; x_wconf 90' lang='lat' dir='ltr'><strong>seruos.</strong></span> <span class='ocrx_word' id='word_1_17' title='bbox 1741 698 1914 760; x_wconf 90' lang='lat' dir='ltr'><strong>Nam</strong></span> <span class='ocrx_word' id='word_1_18' title='bbox 1960 697 2087 780; x_wconf 77' lang='lat' dir='ltr'><strong>ego</strong></span> <span class='ocrx_word' id='word_1_19' title='bbox 2135 706 2245 760; x_wconf 85' lang='lat' dir='ltr'><strong>ta-</strong></span> 
     </span>
     <span class='ocr_line' id='line_1_4' title="bbox 1531 825 2128 892; baseline 0 0"><span class='ocrx_word' id='word_1_20' title='bbox 1531 830 1766 892; x_wconf 79' lang='lat' dir='ltr'><strong>lentum</strong></span> <span class='ocrx_word' id='word_1_21' title='bbox 1807 825 2128 892; x_wconf 77' lang='lat' dir='ltr'><strong>mutuom:</strong></span> 
     </span>
    </p>

    <p class='ocr_par' dir='ltr' id='par_1_3' title="bbox 71 962 2309 4112">
     <span class='ocr_line' id='line_1_5' title="bbox 119 962 2247 1047; baseline 0 -22"><span class='ocrx_word' id='word_1_22' title='bbox 119 964 310 1044; x_wconf 75' lang='lat' dir='ltr'><strong>quando</strong></span> <span class='ocrx_word' id='word_1_23' title='bbox 349 965 550 1029; x_wconf 88' lang='lat' dir='ltr'><strong>horum</strong></span> <span class='ocrx_word' id='word_1_24' title='bbox 596 983 901 1029; x_wconf 82' lang='lat' dir='ltr'><strong>versuum</strong></span> <span class='ocrx_word' id='word_1_25' title='bbox 962 965 1161 1047; x_wconf 90' lang='lat' dir='ltr'><strong>primo</strong></span> <span class='ocrx_word' id='word_1_26' title='bbox 1203 962 1427 1043; x_wconf 62' lang='lat' dir='ltr'><strong>nempe</strong></span> <span class='ocrx_word' id='word_1_27' title='bbox 1470 972 1631 1041; x_wconf 79' lang='lat' dir='ltr'><strong>aput</strong></span> <span class='ocrx_word' id='word_1_28' title='bbox 1669 972 1885 1045; x_wconf 85' lang='lat' dir='ltr'><strong>potest</strong></span> <span class='ocrx_word' id='word_1_29' title='bbox 1928 981 2040 1045; x_wconf 91' lang='lat' dir='ltr'><strong>pro</strong></span> <span class='ocrx_word' id='word_1_30' title='bbox 2083 981 2247 1026; x_wconf 86' lang='lat' dir='ltr'><strong>ana-</strong></span> 
     </span>
     <span class='ocr_line' id='line_1_6' title="bbox 119 1096 2252 1180; baseline -0 -22"><span class='ocrx_word' id='word_1_31' title='bbox 119 1106 291 1175; x_wconf 81' lang='lat' dir='ltr'><strong>pacsto</strong></span> <span class='ocrx_word' id='word_1_32' title='bbox 329 1116 488 1175; x_wconf 86' lang='lat' dir='ltr'><strong>esse,</strong></span> <span class='ocrx_word' id='word_1_33' title='bbox 534 1101 735 1162; x_wconf 86' lang='lat' dir='ltr'><strong>altero</strong></span> <span class='ocrx_word' id='word_1_34' title='bbox 777 1098 1154 1180; x_wconf 82' lang='lat' dir='ltr'><strong>bisyllabum</strong></span> <span class='ocrx_word' id='word_1_35' title='bbox 1201 1116 1354 1161; x_wconf 87' lang='lat' dir='ltr'><strong>esse</strong></span> <span class='ocrx_word' id='word_1_36' title='bbox 1395 1102 1728 1173; x_wconf 80' lang='lat' dir='ltr'><strong>neminem,</strong></span> <span class='ocrx_word' id='word_1_37' title='bbox 1778 1096 1840 1158; x_wconf 90' lang='lat' dir='ltr'><strong>id</strong></span> <span class='ocrx_word' id='word_1_38' title='bbox 1885 1096 2055 1180; x_wconf 90' lang='lat' dir='ltr'><strong>quod</strong></span> <span class='ocrx_word' id='word_1_39' title='bbox 2099 1103 2252 1179; x_wconf 82' lang='lat' dir='ltr'><strong>post</strong></span> 
     </span>
     <span class='ocr_line' id='line_1_7' title="bbox 116 1227 2252 1313; baseline 0.001 -24"><span class='ocrx_word' id='word_1_40' title='bbox 116 1227 402 1292; x_wconf 84' lang='lat' dir='ltr'><strong>Bentleium</strong></span> <span class='ocrx_word' id='word_1_41' title='bbox 447 1231 504 1292; x_wconf 91' lang='lat' dir='ltr'><strong>in</strong></span> <span class='ocrx_word' id='word_1_42' title='bbox 548 1232 712 1294; x_wconf 83' lang='lat' dir='ltr'><strong>Eun.</strong></span> <span class='ocrx_word' id='word_1_43' title='bbox 759 1248 856 1309; x_wconf 83' lang='grc' dir='ltr'>ιιι,</span> <span class='ocrx_word' id='word_1_44' title='bbox 901 1231 964 1309; x_wconf 77' lang='grc'><strong>2,</strong></span> <span class='ocrx_word' id='word_1_45' title='bbox 1003 1230 1047 1291; x_wconf 81' lang='grc'><strong>7</strong></span> <span class='ocrx_word' id='word_1_46' title='bbox 1090 1237 1156 1292; x_wconf 90' lang='lat' dir='ltr'><strong>et</strong></span> <span class='ocrx_word' id='word_1_47' title='bbox 1199 1230 1359 1293; x_wconf 84' lang='lat' dir='ltr'><strong>Hec.</strong></span> <span class='ocrx_word' id='word_1_48' title='bbox 1408 1248 1507 1311; x_wconf 82' lang='lat' dir='ltr'><strong>nr,</strong></span> <span class='ocrx_word' id='word_1_49' title='bbox 1557 1231 1620 1312; x_wconf 85' lang='lat'><strong>1,</strong></span> <span class='ocrx_word' id='word_1_50' title='bbox 1668 1232 1697 1292; x_wconf 87' lang='grc'>1</span> <span class='ocrx_word' id='word_1_51' title='bbox 1742 1248 1930 1293; x_wconf 86' lang='lat' dir='ltr'><strong>nemo</strong></span> <span class='ocrx_word' id='word_1_52' title='bbox 1973 1230 2252 1313; x_wconf 78' lang='lat' dir='ltr'>ignorat,</span> 
     </span>
     <span class='ocr_line' id='line_1_8' title="bbox 114 1325 2309 1447; baseline 0.002 -25"><span class='ocrx_word' id='word_1_53' title='bbox 114 1363 318 1445; x_wconf 84' lang='lat' dir='ltr'><strong>reliquis</strong></span> <span class='ocrx_word' id='word_1_54' title='bbox 371 1373 723 1447; x_wconf 90' lang='lat' dir='ltr'><strong>correptum</strong></span> <span class='ocrx_word' id='word_1_55' title='bbox 790 1382 939 1425; x_wconf 87' lang='lat' dir='ltr'><strong>esse</strong></span> <span class='ocrx_word' id='word_1_56' title='bbox 1002 1365 1104 1424; x_wconf 76' lang='lat' dir='ltr'><strong>hio</strong></span> <span class='ocrx_word' id='word_1_57' title='bbox 1158 1371 1308 1425; x_wconf 88' lang='lat' dir='ltr'><strong>ante</strong></span> <span class='ocrx_word' id='word_1_58' title='bbox 1363 1383 1469 1444; x_wconf 79' lang='lat' dir='ltr'><strong>qu.</strong></span> <span class='ocrx_word' id='word_1_59' title='bbox 1571 1355 1707 1425; x_wconf 84' lang='lat' dir='ltr'><strong>Sed</strong></span> <span class='ocrx_word' id='word_1_60' title='bbox 1772 1380 1890 1425; x_wconf 88' lang='lat' dir='ltr'><strong>nec</strong></span> <span class='ocrx_word' id='word_1_61' title='bbox 1947 1364 2250 1445; x_wconf 84' lang='lat' dir='ltr'><strong>ambigua</strong></span> <span class='ocrx_word' id='word_1_62' title='bbox 2297 1325 2309 1340; x_wconf 23' lang='grc' dir='ltr'>ἱ</span> 
     </span>
     <span class='ocr_line' id='line_1_9' title="bbox 111 1497 2249 1579; baseline 0.002 -24"><span class='ocrx_word' id='word_1_63' title='bbox 111 1505 226 1558; x_wconf 87' lang='lat' dir='ltr'><strong>sunt</strong></span> <span class='ocrx_word' id='word_1_64' title='bbox 255 1501 552 1579; x_wconf 82' lang='lat' dir='ltr'><strong>superiora</strong></span> <span class='ocrx_word' id='word_1_65' title='bbox 602 1498 748 1579; x_wconf 85' lang='lat' dir='ltr'><strong>illa,</strong></span> <span class='ocrx_word' id='word_1_66' title='bbox 794 1505 860 1559; x_wconf 90' lang='lat' dir='ltr'><strong>et</strong></span> <span class='ocrx_word' id='word_1_67' title='bbox 901 1515 1108 1579; x_wconf 88' lang='lat' dir='ltr'><strong>pauca</strong></span> <span class='ocrx_word' id='word_1_68' title='bbox 1152 1514 1188 1559; x_wconf 85' lang='lat' dir='ltr'><strong>e</strong></span> <span class='ocrx_word' id='word_1_69' title='bbox 1231 1497 1647 1559; x_wconf 79' lang='lat' dir='ltr'><strong>consimilium</strong></span> <span class='ocrx_word' id='word_1_70' title='bbox 1711 1517 1825 1579; x_wconf 88' lang='lat' dir='ltr'><strong>per</strong></span> <span class='ocrx_word' id='word_1_71' title='bbox 1879 1503 2101 1559; x_wconf 83' lang='lat' dir='ltr'><strong>omnes</strong></span> <span class='ocrx_word' id='word_1_72' title='bbox 2144 1497 2249 1560; x_wconf 86' lang='lat' dir='ltr'><strong>fa-</strong></span> 
     </span>
     <span class='ocr_line' id='line_1_10' title="bbox 110 1625 2245 1711; baseline 0.001 -25"><span class='ocrx_word' id='word_1_73' title='bbox 110 1625 249 1689; x_wconf 75' lang='lat' dir='ltr'><strong>bulas</strong></span> <span class='ocrx_word' id='word_1_74' title='bbox 284 1629 681 1693; x_wconf 82' lang='lat' dir='ltr'><strong>multitudine.</strong></span> <span class='ocrx_word' id='word_1_75' title='bbox 767 1629 1034 1711; x_wconf 76' lang='lat' dir='ltr'><strong>Ergone</strong></span> <span class='ocrx_word' id='word_1_76' title='bbox 1091 1635 1384 1708; x_wconf 84' lang='lat' dir='ltr'><strong>correpta</strong></span> <span class='ocrx_word' id='word_1_77' title='bbox 1431 1645 1582 1687; x_wconf 86' lang='lat' dir='ltr'><strong>esse</strong></span> <span class='ocrx_word' id='word_1_78' title='bbox 1624 1634 1744 1700; x_wconf 82' lang='lat' dir='ltr'><strong>mt,</strong></span> <span class='ocrx_word' id='word_1_79' title='bbox 1788 1648 1922 1705; x_wconf 85' lang='lat' dir='ltr'><strong>mp,</strong></span> <span class='ocrx_word' id='word_1_80' title='bbox 1971 1648 2107 1700; x_wconf 81' lang='lat' dir='ltr'><strong>mv,</strong></span> <span class='ocrx_word' id='word_1_81' title='bbox 2156 1635 2245 1704; x_wconf 83' lang='lat' dir='ltr'><strong>tp,</strong></span> 
     </span>
     <span class='ocr_line' id='line_1_11' title="bbox 104 1754 2250 1842; baseline 0.003 -28"><span class='ocrx_word' id='word_1_82' title='bbox 104 1763 196 1833; x_wconf 75' lang='lat' dir='ltr'><strong>tm,</strong></span> <span class='ocrx_word' id='word_1_83' title='bbox 229 1779 343 1835; x_wconf 73' lang='lat' dir='ltr'><strong>mn,</strong></span> <span class='ocrx_word' id='word_1_84' title='bbox 384 1782 480 1821; x_wconf 86' lang='lat' dir='ltr'><strong>mr</strong></span> <span class='ocrx_word' id='word_1_85' title='bbox 520 1754 954 1842; x_wconf 62' lang='lat' dir='ltr'><strong>putabimus?</strong></span> <span class='ocrx_word' id='word_1_86' title='bbox 1037 1758 1340 1821; x_wconf 79' lang='lat' dir='ltr'><strong>Profecto</strong></span> <span class='ocrx_word' id='word_1_87' title='bbox 1392 1758 1521 1820; x_wconf 89' lang='lat' dir='ltr'><strong>hoc</strong></span> <span class='ocrx_word' id='word_1_88' title='bbox 1566 1759 1622 1820; x_wconf 90' lang='lat' dir='ltr'><strong>si</strong></span> <span class='ocrx_word' id='word_1_89' title='bbox 1667 1758 1879 1837; x_wconf 84' lang='lat' dir='ltr'><strong>licuit,</strong></span> <span class='ocrx_word' id='word_1_90' title='bbox 1942 1759 2091 1821; x_wconf 89' lang='lat' dir='ltr'><strong>nihil</strong></span> <span class='ocrx_word' id='word_1_91' title='bbox 2125 1777 2250 1820; x_wconf 88' lang='lat' dir='ltr'><strong>nou</strong></span> 
     </span>
     <span class='ocr_line' id='line_1_12' title="bbox 102 1863 2246 1973; baseline 0.003 -25"><span class='ocrx_word' id='word_1_92' title='bbox 102 1879 282 1966; x_wconf 76' lang='lat' dir='ltr'><strong>licebit,</strong></span> <span class='ocrx_word' id='word_1_93' title='bbox 319 1912 429 1956; x_wconf 87' lang='lat' dir='ltr'><strong>nec</strong></span> <span class='ocrx_word' id='word_1_94' title='bbox 469 1894 682 1956; x_wconf 82' lang='lat' dir='ltr'><strong>bellus</strong></span> <span class='ocrx_word' id='word_1_95' title='bbox 726 1863 1336 1973; x_wconf 67' lang='lat' dir='ltr'><strong>proceleusmaticus</strong></span> <span class='ocrx_word' id='word_1_96' title='bbox 1382 1895 1562 1956; x_wconf 83' lang='lat' dir='ltr'><strong>illum</strong></span> <span class='ocrx_word' id='word_1_97' title='bbox 1606 1913 1789 1973; x_wconf 78' lang='lat' dir='ltr'><strong>quem</strong></span> <span class='ocrx_word' id='word_1_98' title='bbox 1833 1894 2058 1955; x_wconf 73' lang='lat' dir='ltr'><strong>habuit</strong></span> <span class='ocrx_word' id='word_1_99' title='bbox 2101 1894 2246 1955; x_wconf 90' lang='lat' dir='ltr'><strong>sol-</strong></span> 
     </span>
     <span class='ocr_line' id='line_1_13' title="bbox 99 2019 2248 2111; baseline 0.006 -32"><span class='ocrx_word' id='word_1_100' title='bbox 99 2019 379 2089; x_wconf 76' lang='lat' dir='ltr'><strong>licitaudus</strong></span> <span class='ocrx_word' id='word_1_101' title='bbox 419 2029 564 2110; x_wconf 88' lang='lat' dir='ltr'><strong>erit,</strong></span> <span class='ocrx_word' id='word_1_102' title='bbox 612 2045 737 2090; x_wconf 85' lang='lat' dir='ltr'><strong>nec</strong></span> <span class='ocrx_word' id='word_1_103' title='bbox 785 2047 1020 2109; x_wconf 79' lang='lat' dir='ltr'><strong>operae</strong></span> <span class='ocrx_word' id='word_1_104' title='bbox 1062 2029 1331 2110; x_wconf 90' lang='lat' dir='ltr'><strong>pretium</strong></span> <span class='ocrx_word' id='word_1_105' title='bbox 1373 2031 1568 2092; x_wconf 82' lang='lat' dir='ltr'><strong>fucrit</strong></span> <span class='ocrx_word' id='word_1_106' title='bbox 1591 2032 1841 2092; x_wconf 89' lang='lat' dir='ltr'><strong>omnino</strong></span> <span class='ocrx_word' id='word_1_107' title='bbox 1868 2030 1950 2092; x_wconf 87' lang='lat' dir='ltr'><strong>ad</strong></span> <span class='ocrx_word' id='word_1_108' title='bbox 1974 2029 2248 2111; x_wconf 82' lang='lat' dir='ltr'><strong>aliquam</strong></span> 
     </span>
     <span class='ocr_line' id='line_1_14' title="bbox 97 2158 2248 2242; baseline 0.005 -29"><span class='ocrx_word' id='word_1_109' title='bbox 97 2161 254 2218; x_wconf 72' lang='lat' dir='ltr'><strong>artem</strong></span> <span class='ocrx_word' id='word_1_110' title='bbox 288 2158 764 2222; x_wconf 87' lang='lat' dir='ltr'><strong>condendorum</strong></span> <span class='ocrx_word' id='word_1_111' title='bbox 808 2177 1113 2221; x_wconf 88' lang='lat' dir='ltr'><strong>versuum</strong></span> <span class='ocrx_word' id='word_1_112' title='bbox 1156 2160 1584 2242; x_wconf 84' lang='lat' dir='ltr'><strong>indagandam</strong></span> <span class='ocrx_word' id='word_1_113' title='bbox 1642 2163 1748 2223; x_wconf 86' lang='lat' dir='ltr'><strong>vel</strong></span> <span class='ocrx_word' id='word_1_114' title='bbox 1792 2162 2097 2224; x_wconf 86' lang='lat' dir='ltr'><strong>tantillum</strong></span> <span class='ocrx_word' id='word_1_115' title='bbox 2143 2161 2248 2223; x_wconf 88' lang='lat' dir='ltr'><strong>la-</strong></span> 
     </span>
     <span class='ocr_line' id='line_1_15' title="bbox 96 2283 2249 2376; baseline 0.006 -32"><span class='ocrx_word' id='word_1_116' title='bbox 96 2283 231 2348; x_wconf 80' lang='lat' dir='ltr'><strong>boris</strong></span> <span class='ocrx_word' id='word_1_117' title='bbox 270 2291 571 2354; x_wconf 82' lang='lat' dir='ltr'><strong>conferre.</strong></span> <span class='ocrx_word' id='word_1_118' title='bbox 662 2293 751 2353; x_wconf 86' lang='lat' dir='ltr'><strong>At</strong></span> <span class='ocrx_word' id='word_1_119' title='bbox 792 2309 904 2353; x_wconf 87' lang='lat' dir='ltr'><strong>cur</strong></span> <span class='ocrx_word' id='word_1_120' title='bbox 947 2312 1070 2355; x_wconf 89' lang='lat' dir='ltr'><strong>non</strong></span> <span class='ocrx_word' id='word_1_121' title='bbox 1113 2293 1228 2354; x_wconf 87' lang='lat' dir='ltr'><strong>sibi</strong></span> <span class='ocrx_word' id='word_1_122' title='bbox 1273 2293 1511 2355; x_wconf 89' lang='lat' dir='ltr'><strong>licitum</strong></span> <span class='ocrx_word' id='word_1_123' title='bbox 1547 2303 1808 2355; x_wconf 86' lang='lat' dir='ltr'><strong>veteres</strong></span> <span class='ocrx_word' id='word_1_124' title='bbox 1852 2303 2081 2376; x_wconf 87' lang='lat' dir='ltr'><strong>poetae</strong></span> <span class='ocrx_word' id='word_1_125' title='bbox 2124 2314 2249 2375; x_wconf 89' lang='lat' dir='ltr'><strong>pu-</strong></span> 
     </span>
     <span class='ocr_line' id='line_1_16' title="bbox 92 2423 2251 2512; baseline 0.003 -26"><span class='ocrx_word' id='word_1_126' title='bbox 92 2429 257 2487; x_wconf 74' lang='lat' dir='ltr'><strong>larunt</strong></span> <span class='ocrx_word' id='word_1_127' title='bbox 295 2429 510 2493; x_wconf 87' lang='lat' dir='ltr'><strong>eadem</strong></span> <span class='ocrx_word' id='word_1_128' title='bbox 568 2430 975 2512; x_wconf 84' lang='lat' dir='ltr'><strong>correptione</strong></span> <span class='ocrx_word' id='word_1_129' title='bbox 1028 2431 1209 2492; x_wconf 86' lang='lat' dir='ltr'><strong>velut</strong></span> <span class='ocrx_word' id='word_1_130' title='bbox 1263 2434 1326 2493; x_wconf 83' lang='lat' dir='ltr'><strong>in</strong></span> <span class='ocrx_word' id='word_1_131' title='bbox 1384 2423 1611 2494; x_wconf 64' lang='lat' dir='ltr'><strong>uer-fam</strong></span> <span class='ocrx_word' id='word_1_132' title='bbox 1668 2437 1838 2492; x_wconf 77' lang='lat' dir='ltr'><strong>tace!</strong></span> <span class='ocrx_word' id='word_1_133' title='bbox 1899 2433 1989 2493; x_wconf 83' lang='lat' dir='ltr'><strong>uti</strong></span> <span class='ocrx_word' id='word_1_134' title='bbox 2032 2431 2140 2493; x_wconf 86' lang='lat' dir='ltr'><strong>vel</strong></span> <span class='ocrx_word' id='word_1_135' title='bbox 2186 2434 2251 2493; x_wconf 84' lang='lat' dir='ltr'><strong>in</strong></span> 
     </span>
     <span class='ocr_line' id='line_1_17' title="bbox 85 2548 2242 2638; baseline 0.001 -19"><span class='ocrx_word' id='word_1_136' title='bbox 85 2548 203 2612; x_wconf 60' lang='lat' dir='ltr'><strong>”fun</strong></span> <span class='ocrx_word' id='word_1_137' title='bbox 217 2560 325 2633; x_wconf 82' lang='lat' dir='ltr'><strong>pol,</strong></span> <span class='ocrx_word' id='word_1_138' title='bbox 352 2552 618 2623; x_wconf 71' lang='lat' dir='ltr'><strong>tandb&#39;m</strong></span> <span class='ocrx_word' id='word_1_139' title='bbox 655 2565 890 2635; x_wconf 82' lang='lat' dir='ltr'><strong>uirum,</strong></span> <span class='ocrx_word' id='word_1_140' title='bbox 937 2554 1060 2621; x_wconf 73' lang='lat' dir='ltr'><strong>eri&#39;t</strong></span> <span class='ocrx_word' id='word_1_141' title='bbox 1079 2568 1286 2638; x_wconf 79' lang='lat' dir='ltr'><strong>pater,</strong></span> <span class='ocrx_word' id='word_1_142' title='bbox 1337 2561 1528 2622; x_wconf 59' lang='lat' dir='ltr'><strong>habit</strong></span> <span class='ocrx_word' id='word_1_143' title='bbox 1554 2582 1671 2635; x_wconf 78' lang='lat' dir='ltr'><strong>me,</strong></span> <span class='ocrx_word' id='word_1_144' title='bbox 1720 2554 1928 2623; x_wconf 60' lang='lat' dir='ltr'><strong>autem</strong></span> <span class='ocrx_word' id='word_1_145' title='bbox 1960 2579 2242 2631; x_wconf 74' lang='lat' dir='ltr'><strong>necesse,</strong></span> 
     </span>
     <span class='ocr_line' id='line_1_18' title="bbox 85 2686 2244 2775; baseline 0.004 -28"><span class='ocrx_word' id='word_1_146' title='bbox 85 2686 255 2749; x_wconf 69' lang='lat' dir='ltr'><strong>uinzm</strong></span> <span class='ocrx_word' id='word_1_147' title='bbox 291 2695 438 2754; x_wconf 69' lang='lat' dir='ltr'><strong>res?</strong></span> <span class='ocrx_word' id='word_1_148' title='bbox 524 2693 714 2756; x_wconf 77' lang='lat' dir='ltr'><strong>Luce</strong></span> <span class='ocrx_word' id='word_1_149' title='bbox 753 2691 988 2753; x_wconf 86' lang='lat' dir='ltr'><strong>clarius</strong></span> <span class='ocrx_word' id='word_1_150' title='bbox 1034 2700 1135 2754; x_wconf 85' lang='lat' dir='ltr'><strong>est</strong></span> <span class='ocrx_word' id='word_1_151' title='bbox 1180 2692 1541 2756; x_wconf 86' lang='lat' dir='ltr'><strong>mehercule</strong></span> <span class='ocrx_word' id='word_1_152' title='bbox 1587 2693 1647 2754; x_wconf 90' lang='lat' dir='ltr'><strong>in</strong></span> <span class='ocrx_word' id='word_1_153' title='bbox 1703 2694 1864 2775; x_wconf 86' lang='lat' dir='ltr'><strong>ipsis</strong></span> <span class='ocrx_word' id='word_1_154' title='bbox 1911 2692 2244 2755; x_wconf 85' lang='lat' dir='ltr'><strong>vocabulis</strong></span> 
     </span>
     <span class='ocr_line' id='line_1_19' title="bbox 71 2818 2243 2910; baseline 0.005 -34"><span class='ocrx_word' id='word_1_155' title='bbox 71 2818 180 2882; x_wconf 70' lang='lat' dir='ltr'><strong>*illis</strong></span> <span class='ocrx_word' id='word_1_156' title='bbox 213 2825 424 2908; x_wconf 81' lang='lat' dir='ltr'><strong>aliquid</strong></span> <span class='ocrx_word' id='word_1_157' title='bbox 471 2845 669 2910; x_wconf 81' lang='lat' dir='ltr'><strong>esse,</strong></span> <span class='ocrx_word' id='word_1_158' title='bbox 735 2826 903 2889; x_wconf 83' lang='lat' dir='ltr'><strong>unde</strong></span> <span class='ocrx_word' id='word_1_159' title='bbox 961 2845 1198 2893; x_wconf 79' lang='lat' dir='ltr'><strong>caussa</strong></span> <span class='ocrx_word' id='word_1_160' title='bbox 1258 2826 1675 2909; x_wconf 84' lang='lat' dir='ltr'><strong>correptionis</strong></span> <span class='ocrx_word' id='word_1_161' title='bbox 1729 2824 2078 2908; x_wconf 88' lang='lat' dir='ltr'><strong>repetenda</strong></span> <span class='ocrx_word' id='word_1_162' title='bbox 2138 2825 2243 2890; x_wconf 85' lang='lat' dir='ltr'><strong>sit.</strong></span> 
     </span>
     <span class='ocr_line' id='line_1_20' title="bbox 83 2952 2250 3044; baseline 0.002 -25"><span class='ocrx_word' id='word_1_163' title='bbox 83 2952 231 3030; x_wconf 82' lang='lat' dir='ltr'><strong>Quod</strong></span> <span class='ocrx_word' id='word_1_164' title='bbox 270 2969 469 3025; x_wconf 88' lang='lat' dir='ltr'><strong>tamen</strong></span> <span class='ocrx_word' id='word_1_165' title='bbox 512 2982 646 3025; x_wconf 86' lang='lat' dir='ltr'><strong>non</strong></span> <span class='ocrx_word' id='word_1_166' title='bbox 689 2980 886 3044; x_wconf 89' lang='lat' dir='ltr'><strong>posse</strong></span> <span class='ocrx_word' id='word_1_167' title='bbox 929 2963 989 3023; x_wconf 90' lang='lat' dir='ltr'><strong>in</strong></span> <span class='ocrx_word' id='word_1_168' title='bbox 1033 2961 1311 3025; x_wconf 83' lang='lat' dir='ltr'><strong>finalium</strong></span> <span class='ocrx_word' id='word_1_169' title='bbox 1355 2968 1580 3023; x_wconf 85' lang='lat' dir='ltr'><strong>natura</strong></span> <span class='ocrx_word' id='word_1_170' title='bbox 1622 2960 2098 3024; x_wconf 88' lang='lat' dir='ltr'><strong>consonantium</strong></span> <span class='ocrx_word' id='word_1_171' title='bbox 2127 2977 2250 3042; x_wconf 84' lang='lat' dir='ltr'><strong>po-</strong></span> 
     </span>
     <span class='ocr_line' id='line_1_21' title="bbox 72 3063 2254 3181; baseline 0.005 -32"><span class='ocrx_word' id='word_1_172' title='bbox 72 3089 236 3156; x_wconf 83' lang='lat' dir='ltr'><strong>-situm</strong></span> <span class='ocrx_word' id='word_1_173' title='bbox 274 3116 417 3161; x_wconf 82' lang='lat' dir='ltr'><strong>esse</strong></span> <span class='ocrx_word' id='word_1_174' title='bbox 444 3145 465 3181; x_wconf 89' lang='lat'><em>‚</em></span> <span class='ocrx_word' id='word_1_175' title='bbox 508 3106 659 3163; x_wconf 80' lang='lat' dir='ltr'><strong>cuin</strong></span> <span class='ocrx_word' id='word_1_176' title='bbox 703 3096 1147 3161; x_wconf 84' lang='lat' dir='ltr'><strong>dissimilitudo</strong></span> <span class='ocrx_word' id='word_1_177' title='bbox 1192 3119 1254 3159; x_wconf 88' lang='lat' dir='ltr'><strong>m</strong></span> <span class='ocrx_word' id='word_1_178' title='bbox 1297 3106 1364 3159; x_wconf 83' lang='lat' dir='ltr'><strong>et</strong></span> <span class='ocrx_word' id='word_1_179' title='bbox 1404 3105 1432 3158; x_wconf 84' lang='lat' dir='ltr'><strong>t</strong></span> <span class='ocrx_word' id='word_1_180' title='bbox 1470 3098 1814 3161; x_wconf 85' lang='lat' dir='ltr'><strong>litterarum</strong></span> <span class='ocrx_word' id='word_1_181' title='bbox 1864 3063 2075 3176; x_wconf 81' lang='lat' dir='ltr'><strong>docet,</strong></span> <span class='ocrx_word' id='word_1_182' title='bbox 2122 3106 2254 3159; x_wconf 86' lang='lat' dir='ltr'><strong>tum</strong></span> 
     </span>
     <span class='ocr_line' id='line_1_22' title="bbox 80 3220 2257 3311; baseline 0.006 -31"><span class='ocrx_word' id='word_1_183' title='bbox 80 3220 296 3289; x_wconf 70' lang='lat' dir='ltr'><strong>aliorum</strong></span> <span class='ocrx_word' id='word_1_184' title='bbox 336 3227 740 3311; x_wconf 89' lang='lat' dir='ltr'><strong>quorundam</strong></span> <span class='ocrx_word' id='word_1_185' title='bbox 787 3228 1223 3310; x_wconf 83' lang='lat' dir='ltr'><strong>exemplorum</strong></span> <span class='ocrx_word' id='word_1_186' title='bbox 1269 3229 1661 3311; x_wconf 87' lang='lat' dir='ltr'><strong>comparatio</strong></span> <span class='ocrx_word' id='word_1_187' title='bbox 1703 3229 2088 3310; x_wconf 85' lang='lat' dir='ltr'><strong>persuadet,</strong></span> <span class='ocrx_word' id='word_1_188' title='bbox 2131 3246 2257 3311; x_wconf 84' lang='lat' dir='ltr'><strong>qua</strong></span> 
     </span>
     <span class='ocr_line' id='line_1_23' title="bbox 74 3359 2256 3449; baseline 0.004 -30"><span class='ocrx_word' id='word_1_189' title='bbox 74 3376 136 3419; x_wconf 78' lang='lat' dir='ltr'><strong>eo</strong></span> <span class='ocrx_word' id='word_1_190' title='bbox 173 3359 441 3428; x_wconf 88' lang='lat' dir='ltr'><strong>ducimur</strong></span> <span class='ocrx_word' id='word_1_191' title='bbox 469 3413 487 3443; x_wconf 91' lang='lat'>‚</span> <span class='ocrx_word' id='word_1_192' title='bbox 553 3374 622 3426; x_wconf 86' lang='lat' dir='ltr'><strong>ut</strong></span> <span class='ocrx_word' id='word_1_193' title='bbox 684 3364 995 3428; x_wconf 87' lang='lat' dir='ltr'><strong>socianda</strong></span> <span class='ocrx_word' id='word_1_194' title='bbox 1052 3383 1204 3427; x_wconf 86' lang='lat' dir='ltr'><strong>esse</strong></span> <span class='ocrx_word' id='word_1_195' title='bbox 1249 3384 1505 3447; x_wconf 86' lang='lat' dir='ltr'><strong>unoque</strong></span> <span class='ocrx_word' id='word_1_196' title='bbox 1548 3385 1785 3449; x_wconf 85' lang='lat' dir='ltr'><strong>genere</strong></span> <span class='ocrx_word' id='word_1_197' title='bbox 1826 3367 2256 3448; x_wconf 85' lang='lat' dir='ltr'><strong>comprehen-</strong></span> 
     </span>
     <span class='ocr_line' id='line_1_24' title="bbox 76 3486 2257 3580; baseline 0.007 -32"><span class='ocrx_word' id='word_1_198' title='bbox 76 3486 255 3557; x_wconf 79' lang='lat' dir='ltr'><strong>denda</strong></span> <span class='ocrx_word' id='word_1_199' title='bbox 298 3497 735 3579; x_wconf 81' lang='lat' dir='ltr'><strong>intelligamus</strong></span> <span class='ocrx_word' id='word_1_200' title='bbox 747 3540 770 3580; x_wconf 84' lang='lat'><em>,</em></span> <span class='ocrx_word' id='word_1_201' title='bbox 831 3515 995 3578; x_wconf 87' lang='lat' dir='ltr'><strong>quae</strong></span> <span class='ocrx_word' id='word_1_202' title='bbox 1038 3514 1162 3559; x_wconf 89' lang='lat' dir='ltr'><strong>nec</strong></span> <span class='ocrx_word' id='word_1_203' title='bbox 1209 3496 1423 3578; x_wconf 83' lang='lat' dir='ltr'><strong>ignota</strong></span> <span class='ocrx_word' id='word_1_204' title='bbox 1468 3497 1669 3579; x_wconf 87' lang='lat' dir='ltr'><strong>vulgo</strong></span> <span class='ocrx_word' id='word_1_205' title='bbox 1715 3507 1780 3559; x_wconf 90' lang='lat' dir='ltr'><strong>et</strong></span> <span class='ocrx_word' id='word_1_206' title='bbox 1824 3517 1906 3559; x_wconf 84' lang='lat' dir='ltr'><strong>ex</strong></span> <span class='ocrx_word' id='word_1_207' title='bbox 1952 3507 2134 3580; x_wconf 85' lang='lat' dir='ltr'><strong>parte</strong></span> <span class='ocrx_word' id='word_1_208' title='bbox 2175 3520 2257 3563; x_wconf 88' lang='lat' dir='ltr'><strong>ne</strong></span> 
     </span>
     <span class='ocr_line' id='line_1_25' title="bbox 72 3620 2255 3711; baseline 0.007 -30"><span class='ocrx_word' id='word_1_209' title='bbox 72 3620 317 3690; x_wconf 85' lang='lat' dir='ltr'><strong>dubitata</strong></span> <span class='ocrx_word' id='word_1_210' title='bbox 379 3631 638 3711; x_wconf 85' lang='lat' dir='ltr'><strong>quidem</strong></span> <span class='ocrx_word' id='word_1_211' title='bbox 690 3629 964 3692; x_wconf 77' lang='lat' dir='ltr'><strong>diversis</strong></span> <span class='ocrx_word' id='word_1_212' title='bbox 1030 3637 1244 3691; x_wconf 87' lang='lat' dir='ltr'><strong>tamen</strong></span> <span class='ocrx_word' id='word_1_213' title='bbox 1308 3630 1652 3710; x_wconf 84' lang='lat' dir='ltr'><strong>generibus</strong></span> <span class='ocrx_word' id='word_1_214' title='bbox 1696 3631 2064 3701; x_wconf 87' lang='lat' dir='ltr'><strong>tribuerunt.</strong></span> <span class='ocrx_word' id='word_1_215' title='bbox 2151 3636 2255 3700; x_wconf 85' lang='lat' dir='ltr'><strong>An</strong></span> 
     </span>
     <span class='ocr_line' id='line_1_26' title="bbox 71 3754 2256 3843; baseline 0.007 -31"><span class='ocrx_word' id='word_1_216' title='bbox 71 3754 190 3830; x_wconf 82' lang='lat' dir='ltr'><strong>quis</strong></span> <span class='ocrx_word' id='word_1_217' title='bbox 228 3777 347 3819; x_wconf 90' lang='lat' dir='ltr'><strong>non</strong></span> <span class='ocrx_word' id='word_1_218' title='bbox 391 3759 561 3822; x_wconf 89' lang='lat' dir='ltr'><strong>alias</strong></span> <span class='ocrx_word' id='word_1_219' title='bbox 608 3767 850 3821; x_wconf 86' lang='lat' dir='ltr'><strong>tantum</strong></span> <span class='ocrx_word' id='word_1_220' title='bbox 893 3766 1330 3821; x_wconf 85' lang='lat' dir='ltr'><strong>consonantes</strong></span> <span class='ocrx_word' id='word_1_221' title='bbox 1373 3756 1598 3821; x_wconf 84' lang='lat' dir='ltr'><strong>finales</strong></span> <span class='ocrx_word' id='word_1_222' title='bbox 1639 3762 1984 3843; x_wconf 86' lang='lat' dir='ltr'><strong>quaslibet,</strong></span> <span class='ocrx_word' id='word_1_223' title='bbox 2030 3783 2256 3827; x_wconf 88' lang='lat' dir='ltr'><strong>verum</strong></span> 
     </span>
     <span class='ocr_line' id='line_1_27' title="bbox 71 3883 2256 3972; baseline 0.006 -28"><span class='ocrx_word' id='word_1_224' title='bbox 71 3883 230 3949; x_wconf 73' lang='lat' dir='ltr'><strong>eciam</strong></span> <span class='ocrx_word' id='word_1_225' title='bbox 274 3907 417 3953; x_wconf 85' lang='lat' dir='ltr'><strong>eum</strong></span> <span class='ocrx_word' id='word_1_226' title='bbox 461 3890 569 3952; x_wconf 87' lang='lat' dir='ltr'><strong>his</strong></span> <span class='ocrx_word' id='word_1_227' title='bbox 610 3890 984 3953; x_wconf 91' lang='lat' dir='ltr'><strong>coniunctas</strong></span> <span class='ocrx_word' id='word_1_228' title='bbox 1034 3891 1334 3972; x_wconf 85' lang='lat' dir='ltr'><strong>vocales,</strong></span> <span class='ocrx_word' id='word_1_229' title='bbox 1399 3911 1523 3954; x_wconf 90' lang='lat' dir='ltr'><strong>non</strong></span> <span class='ocrx_word' id='word_1_230' title='bbox 1589 3891 1726 3955; x_wconf 89' lang='lat' dir='ltr'><strong>illas</strong></span> <span class='ocrx_word' id='word_1_231' title='bbox 1783 3894 2020 3957; x_wconf 87' lang='lat' dir='ltr'><strong>breves</strong></span> <span class='ocrx_word' id='word_1_232' title='bbox 2085 3904 2151 3956; x_wconf 88' lang='lat' dir='ltr'><strong>nt</strong></span> <span class='ocrx_word' id='word_1_233' title='bbox 2193 3895 2256 3958; x_wconf 90' lang='lat' dir='ltr'><strong>in</strong></span> 
     </span>
     <span class='ocr_line' id='line_1_28' title="bbox 71 4026 2257 4112; baseline 0.008 -35"><span class='ocrx_word' id='word_1_234' title='bbox 71 4026 250 4084; x_wconf 76' lang='lat' dir='ltr'><strong>enim</strong></span> <span class='ocrx_word' id='word_1_235' title='bbox 303 4034 512 4105; x_wconf 78' lang='lat' dir='ltr'><strong>aput</strong></span> <span class='ocrx_word' id='word_1_236' title='bbox 568 4028 917 4104; x_wconf 77' lang='lat' dir='ltr'><strong>quidem,</strong></span> <span class='ocrx_word' id='word_1_237' title='bbox 984 4026 1103 4088; x_wconf 90' lang='lat' dir='ltr'><strong>sed</strong></span> <span class='ocrx_word' id='word_1_238' title='bbox 1145 4036 1370 4090; x_wconf 85' lang='lat' dir='ltr'><strong>natura</strong></span> <span class='ocrx_word' id='word_1_239' title='bbox 1415 4028 1637 4109; x_wconf 86' lang='lat' dir='ltr'><strong>longas</strong></span> <span class='ocrx_word' id='word_1_240' title='bbox 1680 4033 1916 4110; x_wconf 86' lang='lat' dir='ltr'><strong>corripi</strong></span> <span class='ocrx_word' id='word_1_241' title='bbox 1960 4033 2257 4112; x_wconf 81' lang='lat' dir='ltr'><strong>potuisse</strong></span> 
     </span>
    </p>
   </div>
   <div class='ocr_carea' id='block_1_3' title="bbox 71 4157 2136 4263">
    <p class='ocr_par' dir='ltr' id='par_1_4' title="bbox 71 4157 2136 4263">
     <span class='ocr_line' id='line_1_29' title="bbox 71 4157 2136 4263; baseline 0.007 -46"><span class='ocrx_word' id='word_1_242' title='bbox 71 4157 158 4218; x_wconf 68' lang='lat' dir='ltr'><strong>sihi</strong></span> <span class='ocrx_word' id='word_1_243' title='bbox 200 4157 665 4238; x_wconf 68' lang='lat' dir='ltr'><strong>persuadebit?</strong></span> <span class='ocrx_word' id='word_1_244' title='bbox 751 4160 1001 4242; x_wconf 86' lang='lat' dir='ltr'><strong>Corripi</strong></span> <span class='ocrx_word' id='word_1_245' title='bbox 1048 4162 1222 4227; x_wconf 84' lang='lat' dir='ltr'><strong>velut</strong></span> <span class='ocrx_word' id='word_1_246' title='bbox 1254 4167 1486 4243; x_wconf 76' lang='lat' dir='ltr'><strong>fores</strong></span> <span class='ocrx_word' id='word_1_247' title='bbox 1530 4169 1925 4263; x_wconf 76' lang='lat' dir='ltr'><strong>potuissev.</strong></span> <span class='ocrx_word' id='word_1_248' title='bbox 1971 4165 2136 4232; x_wconf 77' lang='lat'>868:</span> 
     </span>
    </p>
   </div>
  </div>
 </body>
</html>
