2824 4890
409 392 765 457 cccxlv

582 582 819 643 Horum
869 578 1056 658 igitur
1104 577 1537 657 exemplorum
1590 592 1713 654 ope
1770 574 1896 632 etsi
1944 568 2352 631 Ambrosiaui
2403 567 2626 628 Vete-

411 717 625 797 risque
660 732 802 774 cum
844 710 1335 793 discrepantiam
1373 718 1505 770 tum
1538 703 2077 784 convenientiam,
2115 701 2225 784 qui
2262 699 2458 780 volet,
2506 717 2630 758 uec

411 847 711 909 inutiliter
753 863 877 907 nec
920 842 1260 908 iniucunde
1303 841 1533 923 poterit
1578 861 1690 921 per
1746 840 2005 920 singula
2064 835 2366 918 persequi
2424 843 2632 915 atque

411 979 800 1063 expendere,
846 996 964 1040 nos
1005 989 1218 1039 tamen
1262 996 1340 1041 ea
1381 994 1577 1056 opera
1621 993 1661 1034 a
1708 974 1890 1034 nobis
1933 990 2102 1035 nuuc
2134 980 2386 1034 semota
2420 970 2637 1032 satius

410 1113 711 1177 duximus
753 1132 1095 1196 paucorum
1142 1131 1449 1175 versuum
1483 1111 1912 1172 notabiliorem
1947 1110 2331 1189 scripturam
2377 1107 2435 1166 in
2482 1103 2636 1165 edi-

410 1249 585 1307 tione
629 1253 949 1325 receptam
996 1245 1274 1305 breviter
1318 1241 1682 1303 defendere.
1768 1240 1849 1301 Et
1894 1257 2152 1299 versum
2199 1235 2457 1320 quidem
2504 1234 2638 1298 242

413 1378 812 1448 Ambrosiani
853 1377 1092 1438 auxilio
1138 1375 1362 1436 videor
1405 1376 1771 1437 certissime
1812 1376 1911 1436 sic
1954 1373 2374 1435 restituisse:

580 1515 749 1578 Nam
789 1513 895 1596 qui
936 1522 1134 1595 amat,
1178 1510 1348 1594 quod
1392 1522 1588 1593 amat,
1636 1529 1826 1592 quom
1872 1508 2195 1591 extemplo
2241 1507 2384 1570 eius
2427 1505 2636 1566 sauiis

1745 1642 2081 1723 perculsus
2125 1649 2248 1701 est.

419 1780 670 1841 Etenim
727 1800 810 1841 ex
865 1800 980 1859 eo,
1040 1779 1208 1860 quod
1253 1778 1701 1860 pereleganter
1748 1776 1976 1842 dicitur
2023 1785 2272 1837 amator
2317 1778 2469 1836 sam·
2510 1795 2635 1834 sn-

412 1919 594 1990 ge‘llis
612 1915 978 1994 perculsae,
1031 1935 1152 1976 nou
1196 1917 1608 1996 consequitur
1658 1915 1945 1997 profecto
1995 1934 2119 1976 uon
2167 1913 2457 1995 potuisse
2501 1915 2634 1975 mi-

419 2064 540 2107 nus
585 2054 810 2116 ornate
851 2050 1057 2108 seniis
1097 2050 1467 2125 perculsum
1515 2049 1664 2111 dici.
1770 2052 2182 2133 ltaque·cum
2236 2067 2381 2109 eum
2429 2066 2636 2110 orna-

420 2191 550 2244 tum
600 2182 1064 2244 Ambrosianus
1124 2203 1247 2244 uon
1304 2193 1656 2266 agnoscat,
1715 2183 1814 2244 his
1872 2191 2139 2265 apparet
2201 2179 2638 2244 declarandae

418 2316 721 2397 imaginis
764 2334 998 2379 caussa
1040 2317 1121 2379 ab
1165 2317 1507 2397 interprete
1550 2318 1905 2398 ascriptum
1936 2334 2089 2378 esse
2120 2318 2420 2392 sagittis.-
2461 2311 2637 2394 qued

420 2468 560 2513 cum
610 2471 723 2535 pro
777 2451 1068 2514 Plautino
1128 2452 1562 2532 acciperetur,
1633 2461 1699 2514 ut
1754 2471 1896 2516 eum
1962 2457 2165 2514 suedis
2223 2451 2634 2513 coniunctum

422 2587 710 2649 construi
742 2597 993 2668 posset,
1039 2597 1349 2653 mutatum
1383 2598 1486 2651 est
1522 2592 1586 2649 in
1616 2595 1955 2667 saqiuatis.
2043 2588 2387 2671 Reliquam
2414 2595 2635 2650 autem

424 2738 655 2783 versus
701 2722 1302 2803 conformationem,
1366 2745 1534 2808 quae
1592 2724 1802 2787 eidem
1850 2726 2275 2788 Ambrosiano
2331 2725 2634 2807 debetur,

425 2853 769 2915 luculenter
813 2864 1026 2917 tuetur
1068 2858 1453 2923 Mercator-is
1494 2874 1726 2919 versus
1771 2875 1866 2940 tv,
1909 2859 1974 2937 4,
2020 2860 2091 2920 -lt

593 2986 762 3046 Nam
809 2982 917 3069 qui
960 2997 1156 3069 amat,
1203 2989 1372 3071 quod
1419 3000 1633 3071 amat,
1677 2993 1734 3053 si
1780 2987 1843 3054 id
1890 2991 2116 3074 babet,
2166 2992 2226 3056 id
2274 2992 2470 3057 habet
2514 2992 2633 3075 pro

1756 3131 1916 3193 cibo.
1958 3163 2035 3175 —
2110 3210 2113 3215 μ

430 3260 579 3324 Non
626 3261 948 3345 mediocre
991 3275 1198 3329 autem
1246 3267 1571 3349 negotium
1621 3289 1683 3330 v.
1726 3269 1845 3331 261
1875 3288 1972 3352 sq.
2018 3268 2341 3352 exhibent,
2386 3269 2486 3335 sic
2529 3269 2634 3331 edi

428 3397 628 3458 soliti:
664 3401 842 3477 fuqit
860 3403 1097 3481 forum,
1126 3405 1323 3483 fuya!
1357 3409 1502 3467 tuos
1547 3412 1867 3481 coquentes,
1909 3408 2109 3484 fuya!
2148 3410 2287 3484 ipse
2329 3425 2481 3471 aa«
2518 3424 2639 3465 mo

433 3538 727 3594 contuitu.
830 3532 1017 3612 Quae
1077 3537 1339 3618 intelllgi
1399 3554 1595 3618 posse
1652 3553 1914 3617 prorsus
1975 3555 2161 3618 nego.
2265 3536 2436 3597 Nam
2486 3536 2639 3616 etsi,

432 3680 576 3727 eum
615 3667 850 3743 [ειμι-ε
884 3671 1102 3747 forum
1144 3691 1321 3732 amor
1374 3671 1639 3753 dicitur,
1705 3694 1884 3735 amor
1940 3673 2246 3753 accipitur
2299 3689 2469 3735 sane
2524 3690 2643 3752 pro

430 3809 756 3881 amatore,
823 3800 1175 3885 eademque
1233 3806 1441 3889 ligura
1501 3810 1668 3872 idem
1728 3830 1904 3874 amor
1952 3810 2076 3874 dici
2120 3820 2372 3893 poterat
2416 3821 2484 3874 et
2517 3816 2643 3892 fu-

425 3958 587 4015 gare
630 3948 935 4018 comentes
983 3949 1049 4004 et
1091 3964 1130 4004 a
1173 3966 1289 4006 suo
1335 3954 1535 4006 semet
1577 3954 1841 4009 concretu
1875 3949 2154 4027 fayore:
2198 3958 2407 4011 tamen
2454 3958 2642 4030 post-

431 4094 622 4158 quam
667 4075 750 4140 ad
799 4089 1097 4160 coynalos
1141 4083 1361 4146 addito
1399 4092 1542 4147 tuos
1576 4085 1943 4166 pronomine
1976 4087 2034 4147 iu
2067 4084 2186 4148 lnoc
2216 4085 2428 4166 ipsum
2459 4105 2647 4150 ama-

431 4209 586 4270 toris
631 4213 803 4275 notio
846 4217 1182 4279 transierat
1225 4236 1542 4301 suamque
1587 4220 1902 4301 propriam
1950 4221 2267 4283 notionem
2307 4243 2491 4285 amor
2533 4244 2647 4287 re-

431 4351 714 4423 ceperat,
765 4363 888 4407 non
931 4350 1133 4427 potuit
1180 4352 1246 4413 in
1296 4352 1478 4415 tertio
1521 4354 1800 4417 membro
1846 4351 2013 4418 idem
2062 4376 2240 4418 cernor
2285 4376 2520 4421 nomen
2562 4358 2647 4422 ad
