2824 4890
341 354 587 418 xhlv

337 525 559 600 ‘Diese
617 534 893 597 hernach
937 528 1162 595 zwolff
1196 529 1661 614 geschriebene
1704 527 2098 594 Comoedien
2140 529 2315 592 seInt
2352 526 2548 607 lange

334 670 470 728 zeit
526 667 654 728 wol
720 664 848 745 bey
906 663 1347 726 fiinffhundert
1386 663 1670 745 Jahren,
1732 661 1887 724 oder
1939 661 2149 737 mehr,
2203 659 2550 725 verlobren

341 797 464 860 und
508 798 871 879 verborgen
914 816 1267 881 gewcsenz
1314 796 1440 859 und
1487 797 1763 860 newlich
1807 798 1868 859 iu
1902 796 2195 860 Concilio
2240 815 2323 857 zu
2354 796 2547 857 Basel

341 935 544 998 wider
588 933 913 1015 gefunden
955 920 1254 995 worden'.
1344 932 1680 996 Ficticium
1725 933 1850 995 hoc
1898 952 2122 1013 omne,
2178 948 2542 1012 quanquam

340 1086 422 1129 ne
465 1067 822 1129 Niebuhrio
867 1066 1124 1148 quidem
1154 1065 1390 1147 Opusc.
1432 1085 1475 1144 1,
1522 1086 1579 1147 p.
1609 1064 1731 1127 163
1773 1065 2110 1147 quicquam
2158 1062 2547 1145 suspicionis

336 1215 641 1261 movens:
707 1199 922 1261 fictum
972 1208 1182 1260 autem
1236 1199 1316 1260 ab
1375 1197 1503 1279 eis,
1558 1198 1667 1278 qui
1715 1215 1853 1260 cum
1899 1196 2457 1280 quadragesimum
2500 1214 2547 1257 a

338 1332 628 1397 Merulae
672 1332 1067 1415 praefatione
1109 1350 1339 1394 annum
1387 1331 1677 1396 viderent
1718 1333 1780 1395 in
1827 1332 1889 1395 id
1949 1332 2086 1395 fere
2135 1338 2390 1411 tempus
2431 1331 2541 1390 in-

340 1462 583 1546 cidere,
630 1482 755 1547 quo
794 1462 1131 1525 concilium
1163 1463 1546 1526 Basileense
1590 1463 1870 1525 habitum
1916 1468 2096 1524 esset
2135 1468 2232 1523 tot
2268 1458 2549 1541 antiquis

337 1597 760 1678 scriptoribus
805 1598 1065 1678 primum
1112 1558 1381 1677 repertis
1428 1595 1691 1675 illustre,
1734 1593 1956 1655 horum
2001 1594 2319 1655 societate
2339 1591 2544 1655 Plau-

336 1740 467 1793 tum
523 1747 773 1811 quoque
826 1733 893 1787 et
946 1725 1116 1787 facili
1174 1732 1239 1786 et
1294 1724 1422 1785 lovi
1479 1724 1844 1787 coniectura
1891 1721 2533 1805 comprehenderent.

334 1860 751 1926 Confidenter
794 1859 958 1921 enim
1014 1856 1294 1921 iudicare
1346 1858 1530 1939 licet,
1590 1856 1758 1939 quod
1810 1877 1935 1921 non
1991 1875 2073 1919 ex
2114 1857 2240 1919 alio
2283 1856 2533 1918 nisiex

333 1994 678 2057 Vrsiniano
721 1993 1011 2055 novicios
1056 1991 1252 2053 libros
1293 1990 1591 2053 oriundos
1632 2009 1786 2054 esse
1813 1993 1952 2073 ipsa
1990 1991 2539 2073 scriptun-aecon-

329 2128 624 2211 gruentia
680 2127 931 2189 clamat.
1033 2126 1132 2187 lta
1190 2123 1358 2205 quod
1414 2141 1475 2188 v,
1517 2123 1601 2186 56
1650 2124 1710 2185 in
1769 2122 2038 2186 noviciis
2097 2122 2268 2185 libris
2323 2140 2527 2203 prave

327 2266 562 2347 legitur
607 2268 951 2334 denuntias
948 2309 972 2339 ,
1020 2264 1081 2326 id
1123 2264 1270 2326 inde
1314 2274 1514 2326 ortum
1561 2272 1664 2326 est
1690 2309 1709 2344 ,
1757 2263 1922 2345 quod
1963 2265 2229 2346 simplici
2272 2269 2546 2345 nuntias

339 2399 402 2462 in
448 2401 679 2466 unoD
722 2399 1223 2481 superscriptum
1269 2408 1372 2462 est
1415 2402 1511 2462 de.
1598 2403 1691 2464 lta
1727 2409 2064 2483 corruptae
2112 2421 2172 2464 v.
2197 2400 2324 2464 926
2363 2403 2536 2465 scri-

207 2555 215 2561 ·
332 2541 559 2616 pturae
623 2536 853 2616 loquar
908 2556 986 2597 ea
1035 2541 1319 2615 presenti
1327 2580 1350 2612 ,
1415 2537 1678 2616 loquare
1734 2538 1797 2596 ei
1843 2539 2173 2617 praesenti
2224 2536 2533 2618 originem

328 2688 367 2731 e
418 2688 489 2730 re
544 2670 876 2732 levissima
928 2669 1055 2731 hac
1114 2668 1467 2750 duxerunt,
1519 2666 1688 2748 quod
1748 2684 1894 2729 cum
1956 2669 2184 2749 loquar
2245 2672 2534 2750 eapsentr’

327 2797 438 2859 vel
495 2797 758 2876 loquare
811 2799 1056 2879 absenti
1102 2798 1225 2860 ΒΟ
1283 2796 1559 2860 habeant
1579 2839 1603 2879 ‚
1666 2795 1857 2859 exilis
1906 2797 2137 2862 lineola
2196 2816 2528 2881 perperam

327 2929 610 2992 accessit
651 2928 710 2989 in
756 2931 820 2991 D
863 2930 1090 3010 loquar
1126 2951 1201 2991 ea
1239 2925 1468 3011 fisentr',
1511 2948 1697 3012 quam
1725 2930 1891 2994 adeo
1916 2932 2209 2995 servavit
2231 2931 2311 2997 12'.
2354 2931 2532 2995 Idem

324 3058 391 3121 F·
427 3057 596 3142 quod
642 3078 704 3119 v.
748 3060 875 3122 929
916 3064 1275 3140 insipienter
1314 3061 1596 3142 exhibet,
1641 3063 1845 3124 solam
1887 3062 2076 3124 habet
2122 3063 2289 3125 hanc
2318 3081 2518 3127 caus-

326 3210 493 3275 sam,
556 3190 730 3276 quod
774 3192 1299 3275 proficiscebatur
1343 3213 1383 3256 a
1425 3181 1656 3258 calami
1708 3214 1922 3258 errore
1980 3215 2105 3278 quo
2159 3199 2220 3259 in
2265 3203 2329 3263 D
2371 3203 2523 3279 infi-

314 3331 592 3405 piente'er
646 3327 947 3409 scriptum
1015 3348 1126 3409 pro
1178 3334 1578 3409 instpientior.
1663 3329 1967 3394 Eiusdem
2029 3330 2262 3400 librarii
2313 3349 2528 3393 errore
2585 3316 2594 3322 ²

316 3475 464 3521 cum
509 3479 573 3521 v.
618 3459 744 3522 450
800 3465 864 3523 iu
909 3463 973 3526 D
1008 3463 1123 3541 sthi
1172 3481 1448 3523 uxorem
1510 3461 1786 3541 positum
1843 3472 2022 3525 esset
2079 3479 2192 3542 pro
2251 3483 2526 3526 uxorem

308 3594 453 3674 sthi,
522 3593 819 3676 neglecta
870 3612 951 3655 ea
1010 3602 1159 3656 nota
1182 3637 1204 3675 ,
1266 3613 1392 3677 qua
1435 3595 1542 3657 ille
1586 3613 1858 3657 errorem
1906 3595 2049 3677 ipse
2107 3595 2521 3675 correxisset,

314 3744 561 3809 pravus
625 3726 778 3790 ordo
841 3728 904 3790 in
959 3729 1147 3791 EFZ
1206 3731 1474 3792 transiit.
1577 3729 1942 3793 Consimilis
2003 3734 2187 3815 origo
2255 3731 2513 3794 horum:

312 3876 642 3941 nunquam
697 3877 762 3919 v.
803 3855 972 3940 336,
1037 3878 1290 3952 quaque
1345 3859 1407 3921 in
1466 3860 1526 3921 Z
1568 3858 1727 3941 341,
1785 3866 1906 3941 fiat
1951 3860 2077 3923 594
2125 3861 2544 3942 aliorumque.

311 4008 574 4052 numero
616 3990 1062 4074 plurimorum,
1131 3993 1360 4074 quibus
1406 3994 1829 4076 congerendis
1879 3997 2026 4060 uolo
2068 3997 2303 4082 longus
2349 4014 2520 4061 esse.

311 4120 636 4187 Graviora
681 4133 894 4188 tamen
940 4126 1193 4209 reliquis
1240 4126 1401 4190 haec
1442 4136 1630 4210 sunt,
1687 4128 1856 4210 quod
1900 4130 1959 4190 in
2006 4148 2130 4191 uno
2179 4132 2244 4192 D
2290 4130 2516 4211 elapsa

309 4279 374 4320 v.
415 4258 562 4322 276.
607 4259 731 4324 463
764 4265 955 4342 foras
989 4272 1053 4325 et
1105 4283 1249 4342 eqo,
1313 4284 1481 4346 quae
1535 4266 1722 4329 etiam
1783 4269 2141 4331 simillimae
2185 4273 2517 4350 ceteroqui
