2824 4890
1994 338 2351 411 CCXXX!

1536 510 1569 534 Q

153 512 309 576 Nee
353 507 694 576 offensioni
739 522 879 578 erat
921 532 984 576 v.
1030 513 1194 582 4822
1231 495 1234 498 A

328 645 605 724 Tempu'a
643 645 1005 710 adeundist.
1046 624 1255 711 lfistne
1294 648 1399 712 hic
1442 649 1666 714 Philto
1694 653 1801 733 qui
1843 650 2128 735 aduenit,

148 777 275 839 nisi
332 778 428 838 ibi
487 777 655 840 aliud
713 779 1034 840 suasisset
1094 782 1499 846 Ambrosiani
1559 786 1936 851 auctor-itas-
2037 787 2172 850 Sed
2229 808 2351 852 non

151 916 400 970 tantum
445 911 738 972 insuavis
780 921 916 973 erat
966 931 1029 973 v.
1071 875 1210 977 440⁶
1242 915 1578 979 insolentis
1619 927 1926 982 accentus
1970 919 2252 985 iteratim

313 1034 469 1115 Eyo‘
510 1056 760 1121 quoque
802 1039 952 1102 eece*
989 1041 1137 1105 uolo
1177 1039 1360 1127 liber,
1404 1045 1784 1129 nequiquam
1833 1049 2004 1131 uolo,

151 1186 382 1230 verum
438 1169 624 1230 simul
682 1179 750 1233 et
805 1173 865 1234 in
920 1173 1207 1238 secundo
1263 1175 1430 1257 pede
1475 1178 1625 1240 σεσέ
1662 1190 2031 1262 suspectum
2075 1190 2141 1245 et
2183 1195 2254 1243 ut
2293 1202 2357 1263 p.

150 1317 347 1364 chx.
396 1298 604 1380 docui,
648 1303 850 1382 ipsum
892 1304 1013 1384 090⁹
1051 1306 1403 1372 abhorrens
1457 1328 1496 1390 a
1538 1313 2020 1377 consuetudine.
2123 1317 2357 1395 Quan-

150 1451 338 1514 quam
388 1431 470 1494 de
512 1434 799 1497 secundo
846 1437 1095 1518 quidem
1142 1439 1308 1521 pede
1349 1461 1475 1505 non
1522 1452 1627 1506 est
1669 1445 2051 1509 obstinatius
2094 1466 2349 1529 negan-

148 1561 330 1626 dum:
390 1564 665 1644 perraris
726 1564 889 1628 enim
944 1568 1294 1652 exemplis,
1353 1589 1519 1653 quae
1578 1572 1727 1635 nihil
1768 1576 2056 1657 suspecti
2102 1575 2350 1639 aliunde

149 1696 455 1778 habeant,
498 1701 669 1763 litem
713 1702 884 1764 illinc
919 1722 1043 1766 non
1090 1706 1421 1788 moverim,
1464 1715 1536 1769 ut
1580 1709 1759 1771 Asin.
1805 1727 1905 1790 w,
1958 1710 2017 1793 1,
2070 1712 2182 1775 172

314 1849 424 1910 Ne
469 1848 752 1926 epistimi
793 1850 1045 1932 quidem
1088 1853 1193 1914 illa
1238 1850 1364 1917 ulla
1405 1856 1492 1917 sit
1536 1854 1595 1916 in
1640 1854 1942 1923 aedibusz

148 2001 210 2062 in
256 2018 382 2082 quo
428 1999 593 2062 adeo
636 1998 717 2063 ad
765 1999 1300 2083 quadrisyllabam
1348 2022 1578 2065 vocem
1622 2004 1846 2067 eadem
1895 2006 2146 2068 licentia
2187 2025 2351 2086 pro-

146 2152 377 2215 gressa
432 2145 553 2195 est.
652 2134 803 2194 Nou
848 2137 1058 2216 magis
1115 2137 1180 2196 in
1239 2136 1443 2216 primo
1504 2135 1667 2215 pede
1727 2156 1839 2216 pro
1884 2138 2186 2201 trochaeo
2231 2138 2354 2200 tri·-

146 2266 453 2328 brachum
500 2265 845 2329 admissum
892 2261 1157 2330 calidius
1212 2269 1513 2332 damnare
1573 2272 1817 2351 ausim,
1875 2283 1946 2334 ut
1985 2272 2346 2353 significavi

150 2418 211 2481 p.
256 2415 525 2462 cnxxrx.
611 2396 745 2459 Sed
791 2398 851 2462 in
896 2401 1084 2462 tertio
1132 2400 1296 2481 pede
1341 2403 1539 2465 multo
1582 2404 1788 2466 minus
1831 2404 2057 2467 similis
2101 2421 2346 2466 accen-

142 2543 245 2596 tus
290 2498 614 2614 probatus*
640 2542 767 2615 est,
815 2535 1061 2616 qualem
1106 2554 1170 2598 v.
1213 2533 1345 2595 503
1383 2531 1684 2615 Guyetus
1732 2534 1970 2598 intulit:

311 2679 520 2761 Eheu,
566 2686 670 2746 nbi
716 2684 800 2745 nil
842 2685 1006 2747 ustis
1050 2695 1190 2747 erat
1235 2683 1431 2761 dicto,
1474 2682 1788 2764 spondeo,

141 2818 249 2879 vel
299 2818 531 2882 Bacch.
573 2817 701 2880 ²²3
744 2818 1004 2879 librariit

310 2967 658 3051 Volcanus¹
689 2968 804 3030 Sol
846 2969 1046 3030 Lami
1092 2968 1249 3029 Dies
1293 2998 1370 3014 -
1423 2990 1493 3024 υ
1543 2980 1619 3019 -’-
1677 2989 1747 3023 υ
1799 3002 1877 3014 -
1923 3013 1939 3029 .

313 3126 647 3199 Accentus
703 3123 1023 3184 licentiam
1083 3141 1117 3184 s
1136 3144 1172 3183 e
1189 3144 1228 3183 n
1247 3142 1283 3183 a
1301 3124 1363 3184 ri
1382 3142 1420 3184 o
1438 3143 1467 3183 r
1488 3143 1525 3184 u
1546 3144 1604 3185 m
1662 3141 1911 3184 omnem
1966 3130 2349 3203 persecutus

135 3282 314 3327 sum:
352 3262 525 3324 volui
560 3268 734 3324 certe
762 3280 1007 3323 omnem
1048 3261 1379 3342 persequi.
1467 3258 1711 3338 Quodsi
1752 3275 1916 3339 quae
1949 3255 2345 3334 reperiantur

138 3396 495 3477 propositis
541 3395 791 3474 legibus
836 3412 958 3454 nou
1004 3390 1501 3471 comprehensa,
1551 3387 1940 3459 confidenter
1983 3386 2222 3464 imputa
2263 3384 2346 3444 li-

141 3529 388 3589 brariis.
492 3525 870 3607 Quanquam
926 3525 1063 3586 eius
1118 3524 1383 3604 generis
1438 3542 1476 3582 e
1530 3519 1893 3582 Trinummo
1965 3533 2130 3577 nunc
2196 3513 2341 3575 nihil

133 3658 439 3723 recordor
484 3667 733 3739 praeter
778 3657 1177 3736 turpissimos
1222 3669 1519 3714 numeros
1562 3671 1627 3712 v.
1672 3650 1842 3713 200:

301 3812 538 3889 Neque
584 3805 1131 3887 mendaciloquius
1173 3824 1379 3887 neque
1425 3779 1726 3886 argutum
1772 3805 1999 3885 magis.

141 3967 334 4045 Quae
381 3983 513 4026 vox
555 3959 1102 4043 rnenddcilo'quiuc
1148 3927 1602 4040 pronuntianda
1644 3966 1786 4019 erat
1827 3951 2229 4031 necessario,
2278 3958 2350 4012 ut

140 4100 432 4181 proximo
478 4115 670 4156 versu
731 4089 1356 4173 confidentiloquius,
1415 4110 1541 4153 non
1603 4082 2231 4169 confidentiloquius,
2283 4080 2346 4143 id

142 4228 311 4312 quod
355 4226 916 4310 perversissimum
961 4225 1235 4287 futurum
1279 4230 1436 4287 erat.
1541 4220 1770 4284 Ascita
1814 4216 2004 4301 igitur
2049 4235 2131 4278 ex
2178 4214 2344 4279 Am-
