2824 4890
1969 329 2258 393 CLXXI

148 525 282 586 quam
322 511 374 571 in
413 511 744 574 mutatione
789 528 1207 592 personarum
1251 510 1780 592 productum'tibn‘
1822 529 1881 572 v.
1926 511 2096 575 9822

340 641 463 705 CH.
510 642 780 707 Fassu’s
848 642 1256 707 Charmidem
1321 645 1583 708 dedisse
1645 639 1866 705 aurum
1930 643 2056 704 tibi.
2124 643 2259 706 SY.

1227 771 1548 857 scriptum
1594 774 1864 858 quidem.

139 902 200 964 Et
231 914 432 970 tantum
476 909 723 992 quidem
768 909 851 973 de
895 910 1244 992 bisyllabis.

254 1054 378 1117 Non
421 1060 620 1142 magis
664 1069 874 1122 autem
920 1079 1106 1143 quam
1163 1064 1229 1124 in
1288 1059 1386 1122 his
1437 1079 1603 1143 quae
1664 1062 2128 1141 tractavimus,
2191 1062 2263 1125 in

137 1156 392 1249 mediis
443 1192 932 1254 vocabulis
988 1192 1399 1255 brevium
1443 1192 2018 1274 syllabarum
2066 1213 2266 1275 pro-

133 1309 377 1390 ductio
431 1323 638 1402 potius
702 1340 893 1403 quam
963 1326 1452 1403 correptio
1519 1325 1990 1406 longarum
2054 1325 2260 1389 locum

129 1439 314 1507 habuit.
396 1451 537 1514 Nec
596 1453 760 1514 enim
819 1452 1090 1534 produci
1149 1453 1373 1516 brevis
1433 1454 1682 1534 syllaba
1728 1454 1995 1519 dicenda
2054 1466 2157 1521 est
2199 1457 2261 1519 in

132 1573 413 1644 Acheruns
467 1604 581 1667 per
628 1585 954 1646 Plautinas
1001 1586 1250 1649 fabulas
1292 1605 1562 1670 novem,
1623 1588 1738 1650 sed
1798 1588 1986 1672 longa
2027 1594 2261 1672 corripi

130 1703 177 1764 in
212 1707 464 1778 Poenulo.
548 1721 710 1780 Item
756 1730 1078 1783 servatam
1124 1722 1375 1804 longam
1425 1722 1749 1803 vocalem,
1800 1741 1966 1806 quae
2014 1723 2259 1804 paulla-

127 1842 206 1907 tim
242 1849 291 1910 in
326 1852 691 1921 brevitatem
734 1859 979 1938 abierit,
1028 1858 1154 1922 dici
1199 1868 1450 1940 oportet
1494 1860 1550 1921 in
1599 1863 2010 1939 coxendicis,
2059 1861 2118 1920 in
2157 1862 2266 1941 fiii

115 1971 341 2055 fffimur,
385 1982 439 2043 in
481 1985 588 2044 νέι·
626 1984 784 2058 diei,
849 1987 990 2064 plus
1052 1986 1272 2067 viginti
1336 1993 1548 2047 autem
1596 1988 1905 2067 exemplis
1950 1987 2264 2048 Plautinis

124 2101 595 2197 Terentianisque
651 2117 717 2175 in
770 2120 848 2177 &i
901 2112 1121 2175 dativo
1176 2118 1285 2197 qui
1328 2117 1399 2176 lit
1441 2134 1479 2177 a
1522 2117 1906 2178 nominativo
1949 2122 2006 2178 ie
2055 2139 2131 2177 ea
2168 2121 2270 2178 id.-

119 2252 255 2314 quae
289 2248 554 2329 exempla
608 2248 669 2309 in
713 2251 1040 2328 prooemio
1078 2248 1276 2310 schol.
1317 2248 1438 2309 hib.
1481 2249 1678 2312 Bona.
1720 2268 1775 2311 a.
1819 2264 2267 2332 croiocccxm.

116 2381 406 2456 composui.
490 2383 711 2464 Quam
753 2384 1017 2448 formam
1063 2385 1163 2465 qui
1206 2384 1311 2447 vel
1354 2389 1439 2445 eii
1480 2384 1768 2447 scribunt
1811 2385 1915 2445 vel
1959 2383 2039 2447 ad
2084 2385 2265 2447 simi-

116 2501 380 2575 litudinem
434 2522 576 2579 eius
634 2516 907 2598 genitivi
961 2519 1082 2594 eji,
1143 2517 1264 2578 etsi
1311 2536 1437 2599 qua
1484 2515 1969 2579 ratiocinatione
2017 2525 2270 2583 utantur

112 2638 379 2728 intelligo,
435 2658 656 2712 tamen
714 2651 933 2712 nescio
992 2669 1113 2729 qua
1172 2669 1247 2711 se
1303 2653 2064 2712 auctoritate‘tutentnrz
2129 2664 2273 2708 nam

106 2772 246 2851 quod
283 2777 337 2840 in
379 2780 524 2864 lege
565 2783 848 2846 Servilia
882 2781 982 2844 bis
1011 2783 1313 2864 scriptum
1343 2793 1444 2843 est
1473 2801 1630 2861 mm,
1677 2782 1738 2844 id
1769 2788 1880 2842 aut
1909 2780 1969 2843 in
2001 2788 2272 2860 utraque

104 2908 313 2985 syllaba
356 2915 730 2978 imitandum
778 2924 890 2977 aut
934 2915 995 2976 in
1041 2925 1280 2977 neutra.
1369 2914 1747 2996 Quanquam
1794 2898 2005 2995 magi's
2050 2917 2269 2993 etiam,

106 3045 160 3097 ut
191 3038 297 3104 hoc
334 3046 392 3107 in
435 3057 820 3111 transcursu
865 3068 1380 3131 commemorem,
1427 3054 1642 3129 reffert
1668 3048 2050 3130 scripturam
2081 3046 2271 3108 miror

102 3193 192 3253 Pro
227 3190 418 3265 refert
454 3210 582 3251 non
630 3187 1133 3252 commendatam
1179 3196 1449 3268 tantum,
1493 3186 1609 3248 sed
1655 3184 2097 3250 introductam.
2139 3181 2275 3245 Sed

95 3306 163 3367 δῦ
197 3318 254 3373 ei
284 3314 476 3382 dativi
526 3339 829 3383 mensura
875 3319 1231 3402 spondiaca,
1281 3335 1548 3401 prorsus
1609 3335 1760 3379 esse
1824 3312 2276 3396 segregandas

93 3445 219 3510 lenio
259 3464 319 3516 et
362 3464 516 3538 quoi
557 3460 799 3523 formas
856 3457 1209 3532 contendo,
1275 3475 1440 3540 quas
1496 3455 1556 3516 in
1612 3453 1773 3515 duas
1831 3450 2117 3533 syllabas
2172 3449 2277 3512 di-

92 3588 338 3649 straetas
382 3608 545 3652 esse
595 3590 783 3672 plane
832 3610 1030 3674 nego,
1078 3588 1308 3652 nedum
1349 3595 1422 3649 ut
1463 3588 1642 3648 lmiie
1684 3589 1857 3666 quoii
1895 3586 2276 3665 scripturam

88 3714 194 3780 ulla
232 3724 480 3787 ratione
526 3726 642 3787 niti
688 3724 1057 3789 concedam.
1129 3724 1230 3785 Ac
1272 3720 1354 3783 de
1395 3725 1588 3802 quoi
1619 3719 1990 3801 pronomine
2033 3719 2279 3780 Fleck-

84 3850 349 3916 eisenum
411 3858 656 3919 Exere.
700 3856 910 3918 Plaut.
960 3875 1018 3936 p.
1063 3853 1146 3917 36
1206 3871 1470 3935 prorsus
1528 3853 1738 3933 opinio
1795 3851 2051 3914 fefellit:
2108 3848 2278 3930 quod

83 3998 186 4045 uon
225 3988 435 4069 magis
483 3986 800 4068 producta
843 4004 1030 4069 quam
1075 3996 1369 4066 correpta
1414 3983 1804 4064 paenultima
1846 3999 2125 4061 unquam
2174 3979 2276 4039 bi-

83 4116 374 4197 syllabum
424 4120 573 4184 fnit.
658 4120 780 4186 Cui
823 4121 926 4184 ille
969 4120 1241 4202 opinioni
1285 4118 1649 4200 probandae
1692 4134 1857 4198 quae
1897 4134 1980 4175 ex
2023 4117 2163 4178 Aul.
2204 4134 2273 4196 n,

83 4246 132 4327 2,
176 4252 263 4315 12.
312 4255 518 4320 Cure.
571 4272 663 4338 rv,
694 4256 757 4337 4,
796 4256 846 4320 t.
896 4257 1070 4321 Men.
1102 4273 1208 4336 ιιι,
1238 4254 1304 4335 2,
1332 4253 1395 4315 9.
1441 4253 1610 4315 Trin.
1654 4247 1782 4343 ⁶9⁴
1827 4250 2116 4330 exempla
2159 4248 2280 4313 ad-
