2824 4890
1962 289 2279 354 chxvn

149 483 324 547 servin
379 489 608 557 tamen,
671 483 822 544 item
877 474 1017 541 «1505
1050 477 1191 541 468.
1239 477 1400 558 668,
1460 475 1606 539 ccclii
1649 475 1826 539 1155.
1890 476 2065 538 1167.
2108 475 2275 554 alibi,

84 661 87 670 ⁴
153 611 263 676 σεὲὅ
291 622 348 676 et
384 611 595 676 nesciri
632 631 756 676 non
800 630 967 690 raro,
1009 613 1156 674 ueto·
1196 622 1261 674 et
1299 607 1459 691 putii
1494 611 1733 673 Bacch.
1777 628 1870 688 ιν,
1907 610 1972 687 9,
2024 610 2161 671 120.
2204 626 2276 689 v,

147 744 199 824 Ξ,
230 745 320 824 41,
356 744 483 808 ⁶235
520 747 599 806 ib.
639 762 736 826 ιν,
783 745 850 826 4,
890 743 934 804 5
976 744 1139 817 (610
1181 745 1337 826 u),
1389 744 1536 806 sind
1574 744 1654 805 ib.
1698 761 1795 824 ιιι,
1836 742 1900 823 3,
1950 740 2057 821 15,
2114 742 2272 802 dabri

145 876 258 941 ssiid.
287 896 377 960 tv,
416 881 480 956 4,
520 881 624 959 56,
669 875 888 942 amabi
919 878 1000 941 ib.
1026 897 1075 959 1,
1109 879 1169 959 1,
1199 879 1300 941 10.
1334 878 1430 941 19.
1515 877 1650 941 Sed
1694 877 1859 940 hauc
1902 874 2279 958 primitivam

144 1009 442 1090 prosodiam
497 1028 640 1073 cum
701 1029 1020 1092 nunquam
1077 1013 1217 1072 dico
1272 1012 1528 1089 postulo
1583 1010 1802 1068 amabo
1845 1005 2280 1086 deposuerint,

142 1152 316 1205 contra
370 1144 532 1218 licuit
581 1143 900 1225 deponere
963 1143 1249 1205 omuibus
1294 1129 1475 1222 'quae
1528 1148 1678 1202 suut
1736 1138 2052 1220 bisyllaba
2099 1138 2279 1199 brevi

144 1278 487 1352 paenultima.
591 1280 760 1341 Hinc
812 1280 1003 1363 igitur
1058 1289 1161 1343 est
1217 1279 1384 1362 quod
1432 1280 1625 1342 toties
1670 1289 2030 1360 correptum
2074 1279 2283 1339 uolo

137 1412 388 1489 reperitur
423 1412 648 1487 (etiam
691 1413 861 1478 Trin.
899 1412 1055 1493 372,
1101 1411 1181 1474 de
1228 1431 1351 1495 quo
1392 1433 1454 1494 p.
1498 1431 1698 1479 cnvu.
1739 1412 2032 1491 dictum),
2087 1411 2278 1472 toties

140 1546 273 1604 scio
308 1552 369 1607 ut
408 1564 470 1605 v.
491 1545 639 1609 655.
665 1546 815 1627 666,
861 1546 968 1608 vel
1014 1567 1161 1624 ayo
1209 1547 1446 1627 v.821‚
1492 1547 1596 1608 vel
1640 1566 1859 1624 nequ
1906 1543 2141 1609 Bacch.
2187 1561 2283 1620 ιιι,

141 1674 302 1754 3,18,
336 1681 431 1741 vcl
471 1680 702 1743 similia
746 1679 997 1741 omniuo
1043 1677 1275 1759 omnia,
1317 1678 1380 1741 in
1426 1679 1527 1742 his
1592 1700 1742 1741 ero
1799 1699 2072 1762 quoque,
2119 1681 2284 1763 quod

140 1809 235 1869 etsi
271 1829 375 1873 nou
416 1814 750 1893 posuimus
795 1821 1155 1894 correptum
1195 1832 1257 1872 v.
1284 1811 1438 1891 716,
1478 1810 1615 1872 iure
1659 1820 1870 1873 tamen
1917 1820 2132 1873 nostro
2178 1811 2283 1873 di-

139 1938 311 2002 ximus
347 1946 629 2024 potuissc
676 1946 861 2025 ponit
928 1944 1008 2007 ad
1054 1964 1318 2026 quorum
1363 1945 1829 2008 similitudinem
1874 1967 1935 2008 v.
1985 1947 2146 2008 1059
2187 1943 2280 2007 e'o

137 2070 315 2148 potius
349 2092 520 2156 quam
569 2069 661 2136 ὅσ
706 2077 1088 2139 ιιοιιινίιιιιιε.
1156 2077 1534 2158 Quanquam
1568 2075 1646 2138 de
1691 2083 1858 2139 scio
1909 2097 2031 2138 uon
2081 2079 2283 2139 minus

136 2218 295 2282 quam
330 2204 397 2269 de
445 2230 582 2271 nes
600 2214 715 2269 cio
761 2207 965 2289 (quod
1009 2227 1135 2270 non
1181 2209 1405 2270 mirum
1449 2208 1505 2270 si
1549 2210 1852 2288 simplicis
1898 2207 2097 2270 verbi
2124 2230 2282 2291 pro-

131 2333 335 2400 sodiam
371 2341 679 2416 servarit)
725 2341 1205 2405 concedendum
1252 2353 1353 2405 est
1397 2344 1760 2428 ambiguum
1805 2362 1955 2405 esse
2001 2343 2279 2424 plerum-

133 2481 250 2546 que,
287 2467 514 2534 duasne
557 2472 802 2534 breves
845 2471 1122 2535 habeant
1162 2490 1243 2533 au
1293 2492 1480 2536 uuam
1526 2476 1779 2556 longam
1831 2477 2133 2552 synizesi
2176 2473 2283 2535 ef-

130 2594 352 2669 fectam:
391 2607 563 2670 nullo
612 2615 829 2668 autem
876 2605 1066 2669 modo
1097 2605 1573 2669 concedendum
1606 2612 1707 2666 est
1739 2613 2072 2666 accentum
2102 2621 2288 2666 com-

130 2736 355 2812 positum
396 2745 685 2804 nescio
728 2740 995 2803 verbum
1039 2758 1313 2822 unquam
1340 2740 1400 2801 in
1435 2738 1643 2802 media
1678 2739 1928 2820 syllaba
1954 2737 2285 2821 habuisse,

129 2880 261 2943 quae
298 2870 716 2956 Kampmanni
765 2874 974 2955 opinio
1033 2872 1146 2969 fuit
1211 2873 1291 2936 de
1338 2891 1425 2938 Aa
1470 2892 1686 2956 praep.
1729 2896 1789 2957 p.
1830 2878 1919 2939 20
1968 2894 2088 2959 sq„
2135 2894 2281 2939 cum

127 2999 265 3066 nulls
318 3026 578 3087 prorsus
651 3008 943 3090 exputari
1006 3025 1247 3072 caussa
1311 3008 1556 3090 possit,
1637 3026 1752 3072 cur
1826 3010 2284 3073 usitatissimae

125 3138 371 3214 synizesi
415 3142 982 3206 insolentissimum
1028 3148 1363 3206 accentum
1412 3157 1567 3203 esse
1595 3144 1945 3224 praelatum
1976 3140 2284 3204 dicamus.

122 3264 165 3325 Ε
200 3288 310 3351 quo
351 3294 756 3359 consequens
799 3284 903 3338 est
946 3284 1015 3338 ut
1055 3285 1168 3339 aut
1212 3295 1326 3358 pro
1372 3280 1620 3341 cretico
1664 3279 1748 3339 sit
1773 3283 1989 3339 nescio
2017 3288 2126 3340 aut
2172 3297 2284 3358 pro

117 3404 366 3478 spondeo
407 3418 520 3471 aut
564 3411 843 3472 fortasse
886 3429 997 3492 pro
1045 3430 1202 3473 vero
1231 3409 1488 3492 dactylo
1519 3411 1575 3475 h.
1609 3431 1664 3471 e.
1703 3439 1841 3475 ’-...
1869 3449 1961 3486 ψ,
2007 3428 2130 3471 non
2173 3429 2285 3491 pro

119 3539 498 3615 anapaestico
530 3539 789 3623 dactylo
820 3572 959 3617 ...φ
986 3559 1078 3617 „z
1127 3551 1511 3623 quapropter
1551 3533 1839 3602 neseio
1882 3541 2284 3605 scribendum

113 3661 214 3726 fuit
245 3689 304 3734 v.
345 3671 514 3751 880,
578 3691 700 3732 non
753 3673 859 3734 vel
917 3672 1020 3733 hic
1079 3671 1183 3733 vel
1245 3690 1512 3753 usquam
1572 3672 1714 3735 alibi
1763 3679 1866 3749 (ut
1915 3676 2141 3738 Bacch.
2182 3674 2286 3738 76.

111 3794 220 3862 756
257 3802 365 3877 H.)
419 3805 735 3866 nescio.
848 3804 1049 3867 Porro
1110 3813 1322 3866 autem
1386 3824 1469 3866 ex
1526 3803 1790 3885 eadem,
1853 3827 1890 3868 e
1951 3823 2075 3887 qua
2131 3798 2280 3882 aqv‘,

114 3943 328 3994 caussa
369 3934 788 4015 repetendum
835 3943 937 3996 est
978 3934 1185 3997 ᾱαόὅ
1218 3934 1446 3997 Bacch.
1491 3952 1540 4013 1,
1591 3936 1646 4013 1,
1684 3932 1800 3994 70:

325 4099 523 4166 Meus
570 4103 674 4166 ille
717 4103 1057 4186 quidemst.
1101 4098 1211 4166 tibi
1254 4119 1420 4167 nuuc
1465 4120 1722 4182 operam
1767 4097 1930 4161 dabo
1976 4097 2056 4159 de
2099 4098 2289 4162 Mne-

1429 4233 1674 4299 silochd
1720 4251 1920 4295 soror.
