<?xml version="1.0" encoding="UTF-8"?>
<!DOCTYPE html PUBLIC "-//W3C//DTD XHTML 1.0 Transitional//EN"
    "http://www.w3.org/TR/xhtml1/DTD/xhtml1-transitional.dtd">
<html xmlns="http://www.w3.org/1999/xhtml" xml:lang="en" lang="en">
 <head>
  <title>
</title>
<meta http-equiv="Content-Type" content="text/html;charset=utf-8" />
  <meta name='ocr-system' content='tesseract 3.04.00' />
  <meta name='ocr-capabilities' content='ocr_page ocr_carea ocr_par ocr_line ocrx_word'/>
</head>
<body>
  <div class='ocr_page' id='page_1' title='image "./tmacciplauticom03ritsgoog_0525.png"; bbox 0 0 2824 4890; ppageno 0'>
   <div class='ocr_carea' id='block_1_1' title="bbox 2153 373 2319 435">
    <p class='ocr_par' dir='ltr' id='par_1_1' title="bbox 2153 373 2319 435">
     <span class='ocr_line' id='line_1_1' title="bbox 2153 373 2319 435; baseline 0.006 -1"><span class='ocrx_word' id='word_1_1' title='bbox 2153 373 2319 435; x_wconf 76' lang='lat' dir='ltr'>xlx</span> 
     </span>
    </p>
   </div>
   <div class='ocr_carea' id='block_1_2' title="bbox 122 549 2329 4083">
    <p class='ocr_par' dir='ltr' id='par_1_2' title="bbox 122 549 2329 4083">
     <span class='ocr_line' id='line_1_2' title="bbox 154 549 2314 633; baseline 0.001 -19"><span class='ocrx_word' id='word_1_2' title='bbox 154 561 323 616; x_wconf 85' lang='lat' dir='ltr'>notae</span> <span class='ocrx_word' id='word_1_3' title='bbox 365 551 639 615; x_wconf 78' lang='lat' dir='ltr'>redeant.</span> <span class='ocrx_word' id='word_1_4' title='bbox 706 551 1081 633; x_wconf 79' lang='lat' dir='ltr'>Quanquam</span> <span class='ocrx_word' id='word_1_5' title='bbox 1128 549 1380 613; x_wconf 86' lang='lat' dir='ltr'>minime</span> <span class='ocrx_word' id='word_1_6' title='bbox 1428 549 1818 615; x_wconf 80' lang='lat' dir='ltr'>credendum</span> <span class='ocrx_word' id='word_1_7' title='bbox 1859 561 1962 614; x_wconf 85' lang='lat' dir='ltr'>est</span> <span class='ocrx_word' id='word_1_8' title='bbox 2001 560 2108 615; x_wconf 89' lang='lat' dir='ltr'>sat</span> <span class='ocrx_word' id='word_1_9' title='bbox 2138 564 2314 616; x_wconf 90' lang='lat' dir='ltr'>certo</span> 
     </span>
     <span class='ocr_line' id='line_1_3' title="bbox 151 683 2317 767; baseline 0.001 -20"><span class='ocrx_word' id='word_1_10' title='bbox 151 688 362 767; x_wconf 84' lang='lat' dir='ltr'>ubique</span> <span class='ocrx_word' id='word_1_11' title='bbox 405 685 695 767; x_wconf 78' lang='lat' dir='ltr'>potuisse</span> <span class='ocrx_word' id='word_1_12' title='bbox 739 686 847 747; x_wconf 83' lang='lat' dir='ltr'>vel</span> <span class='ocrx_word' id='word_1_13' title='bbox 891 685 1138 747; x_wconf 82' lang='lat' dir='ltr'>tertiam</span> <span class='ocrx_word' id='word_1_14' title='bbox 1184 702 1224 746; x_wconf 94' lang='lat' dir='ltr'>a</span> <span class='ocrx_word' id='word_1_15' title='bbox 1266 683 1553 746; x_wconf 84' lang='lat' dir='ltr'>secunda</span> <span class='ocrx_word' id='word_1_16' title='bbox 1599 704 1787 747; x_wconf 89' lang='lat' dir='ltr'>manu</span> <span class='ocrx_word' id='word_1_17' title='bbox 1832 683 2163 767; x_wconf 75' lang='lat' dir='ltr'>distingui,</span> <span class='ocrx_word' id='word_1_18' title='bbox 2211 686 2317 749; x_wconf 82' lang='lat' dir='ltr'>vel</span> 
     </span>
     <span class='ocr_line' id='line_1_4' title="bbox 146 819 2318 900; baseline 0.002 -20"><span class='ocrx_word' id='word_1_19' title='bbox 146 819 276 881; x_wconf 79' lang='lat' dir='ltr'>illud</span> <span class='ocrx_word' id='word_1_20' title='bbox 316 820 627 900; x_wconf 80' lang='lat' dir='ltr'>explorari</span> <span class='ocrx_word' id='word_1_21' title='bbox 673 827 923 899; x_wconf 89' lang='lat' dir='ltr'>utrum,</span> <span class='ocrx_word' id='word_1_22' title='bbox 980 836 1147 900; x_wconf 88' lang='lat' dir='ltr'>quae</span> <span class='ocrx_word' id='word_1_23' title='bbox 1207 821 1643 881; x_wconf 76' lang='lat' dir='ltr'>correctiones</span> <span class='ocrx_word' id='word_1_24' title='bbox 1683 840 1807 882; x_wconf 90' lang='lat' dir='ltr'>non</span> <span class='ocrx_word' id='word_1_25' title='bbox 1852 828 2004 883; x_wconf 86' lang='lat' dir='ltr'>sunt</span> <span class='ocrx_word' id='word_1_26' title='bbox 2049 837 2088 882; x_wconf 87' lang='lat' dir='ltr'>a</span> <span class='ocrx_word' id='word_1_27' title='bbox 2130 822 2318 885; x_wconf 88' lang='lat' dir='ltr'>tertia</span> 
     </span>
     <span class='ocr_line' id='line_1_5' title="bbox 146 951 2320 1034; baseline 0.001 -22"><span class='ocrx_word' id='word_1_28' title='bbox 146 970 314 1014; x_wconf 82' lang='lat' dir='ltr'>manu</span> <span class='ocrx_word' id='word_1_29' title='bbox 370 962 592 1034; x_wconf 89' lang='lat' dir='ltr'>aperte</span> <span class='ocrx_word' id='word_1_30' title='bbox 651 953 1004 1015; x_wconf 74' lang='lat' dir='ltr'>recentiore</span> <span class='ocrx_word' id='word_1_31' title='bbox 1063 953 1435 1034; x_wconf 80' lang='lat' dir='ltr'>profectae,</span> <span class='ocrx_word' id='word_1_32' title='bbox 1503 953 1621 1034; x_wconf 88' lang='lat' dir='ltr'>ipsi</span> <span class='ocrx_word' id='word_1_33' title='bbox 1689 954 1929 1034; x_wconf 82' lang='lat' dir='ltr'>primae</span> <span class='ocrx_word' id='word_1_34' title='bbox 1970 951 2320 1016; x_wconf 80' lang='lat' dir='ltr'>debeantur</span> 
     </span>
     <span class='ocr_line' id='line_1_6' title="bbox 143 1086 2318 1169; baseline 0.002 -22"><span class='ocrx_word' id='word_1_35' title='bbox 143 1100 214 1147; x_wconf 80' lang='lat' dir='ltr'>an</span> <span class='ocrx_word' id='word_1_36' title='bbox 271 1087 444 1148; x_wconf 78' lang='lat' dir='ltr'>alteri</span> <span class='ocrx_word' id='word_1_37' title='bbox 502 1105 625 1147; x_wconf 91' lang='lat' dir='ltr'>non</span> <span class='ocrx_word' id='word_1_38' title='bbox 683 1086 1018 1149; x_wconf 73' lang='lat' dir='ltr'>recentiori</span> <span class='ocrx_word' id='word_1_39' title='bbox 1077 1086 1183 1146; x_wconf 89' lang='lat' dir='ltr'>vel</span> <span class='ocrx_word' id='word_1_40' title='bbox 1239 1087 1351 1149; x_wconf 78' lang='lat' dir='ltr'>vix</span> <span class='ocrx_word' id='word_1_41' title='bbox 1398 1087 1735 1149; x_wconf 76' lang='lat' dir='ltr'>recentiori</span> <span class='ocrx_word' id='word_1_42' title='bbox 1779 1087 1997 1169; x_wconf 86' lang='lat' dir='ltr'>prima.</span> <span class='ocrx_word' id='word_1_43' title='bbox 2082 1088 2152 1149; x_wconf 87' lang='lat' dir='ltr'>ln</span> <span class='ocrx_word' id='word_1_44' title='bbox 2195 1086 2318 1152; x_wconf 84' lang='lat' dir='ltr'>hoc</span> 
     </span>
     <span class='ocr_line' id='line_1_7' title="bbox 143 1213 2312 1300; baseline 0.002 -24"><span class='ocrx_word' id='word_1_45' title='bbox 143 1216 313 1300; x_wconf 79' lang='lat' dir='ltr'>igitur</span> <span class='ocrx_word' id='word_1_46' title='bbox 349 1234 594 1300; x_wconf 78' lang='lat' dir='ltr'>genere</span> <span class='ocrx_word' id='word_1_47' title='bbox 638 1215 922 1297; x_wconf 86' lang='lat' dir='ltr'>praestiti</span> <span class='ocrx_word' id='word_1_48' title='bbox 965 1213 1130 1297; x_wconf 86' lang='lat' dir='ltr'>quod</span> <span class='ocrx_word' id='word_1_49' title='bbox 1163 1218 1360 1299; x_wconf 87' lang='lat' dir='ltr'>potui,</span> <span class='ocrx_word' id='word_1_50' title='bbox 1409 1234 1532 1279; x_wconf 91' lang='lat' dir='ltr'>non</span> <span class='ocrx_word' id='word_1_51' title='bbox 1560 1235 1791 1281; x_wconf 84' lang='lat' dir='ltr'>curans</span> <span class='ocrx_word' id='word_1_52' title='bbox 1815 1227 2026 1280; x_wconf 89' lang='lat' dir='ltr'>tamen</span> <span class='ocrx_word' id='word_1_53' title='bbox 2060 1235 2312 1281; x_wconf 89' lang='lat' dir='ltr'>manum</span> 
     </span>
     <span class='ocr_line' id='line_1_8' title="bbox 140 1345 2312 1427; baseline 0.001 -20"><span class='ocrx_word' id='word_1_54' title='bbox 140 1348 393 1410; x_wconf 70' lang='lat' dir='ltr'>omnium</span> <span class='ocrx_word' id='word_1_55' title='bbox 438 1346 939 1410; x_wconf 72' lang='lat' dir='ltr'>recentissimam</span> <span class='ocrx_word' id='word_1_56' title='bbox 983 1364 1148 1427; x_wconf 86' lang='lat' dir='ltr'>qnae</span> <span class='ocrx_word' id='word_1_57' title='bbox 1180 1356 1282 1410; x_wconf 88' lang='lat' dir='ltr'>est</span> <span class='ocrx_word' id='word_1_58' title='bbox 1305 1345 1675 1409; x_wconf 86' lang='lat' dir='ltr'>Camerarii.</span> <span class='ocrx_word' id='word_1_59' title='bbox 1760 1348 2108 1409; x_wconf 83' lang='lat' dir='ltr'>Praeterea</span> <span class='ocrx_word' id='word_1_60' title='bbox 2152 1347 2312 1409; x_wconf 88' lang='lat' dir='ltr'>sim·</span> 
     </span>
     <span class='ocr_line' id='line_1_9' title="bbox 140 1476 2315 1560; baseline 0.001 -23"><span class='ocrx_word' id='word_1_61' title='bbox 140 1476 378 1554; x_wconf 87' lang='lat' dir='ltr'>plicitati</span> <span class='ocrx_word' id='word_1_62' title='bbox 435 1484 628 1558; x_wconf 86' lang='lat' dir='ltr'>atque</span> <span class='ocrx_word' id='word_1_63' title='bbox 684 1476 1127 1557; x_wconf 74' lang='lat' dir='ltr'>perspicuitati</span> <span class='ocrx_word' id='word_1_64' title='bbox 1183 1495 1262 1539; x_wconf 87' lang='lat' dir='ltr'>eo</span> <span class='ocrx_word' id='word_1_65' title='bbox 1317 1477 1679 1541; x_wconf 80' lang='lat' dir='ltr'>consultum</span> <span class='ocrx_word' id='word_1_66' title='bbox 1726 1495 1881 1541; x_wconf 78' lang='lat' dir='ltr'>esse</span> <span class='ocrx_word' id='word_1_67' title='bbox 1927 1477 2100 1540; x_wconf 79' lang='lat' dir='ltr'>volui</span> <span class='ocrx_word' id='word_1_68' title='bbox 2146 1476 2315 1560; x_wconf 81' lang='lat' dir='ltr'>quod</span> 
     </span>
     <span class='ocr_line' id='line_1_10' title="bbox 140 1609 2317 1693; baseline 0.002 -24"><span class='ocrx_word' id='word_1_69' title='bbox 140 1609 491 1691; x_wconf 83' lang='lat' dir='ltr'>plerumque</span> <span class='ocrx_word' id='word_1_70' title='bbox 535 1629 657 1671; x_wconf 90' lang='lat' dir='ltr'>non</span> <span class='ocrx_word' id='word_1_71' title='bbox 700 1609 1060 1673; x_wconf 85' lang='lat' dir='ltr'>distinctius</span> <span class='ocrx_word' id='word_1_72' title='bbox 1102 1610 1291 1671; x_wconf 88' lang='lat' dir='ltr'>simul</span> <span class='ocrx_word' id='word_1_73' title='bbox 1334 1618 1402 1672; x_wconf 88' lang='lat' dir='ltr'>et</span> <span class='ocrx_word' id='word_1_74' title='bbox 1443 1609 1775 1673; x_wconf 85' lang='lat' dir='ltr'>molestius</span> <span class='ocrx_word' id='word_1_75' title='bbox 1820 1610 2117 1673; x_wconf 75' lang='lat' dir='ltr'>enarravi</span> <span class='ocrx_word' id='word_1_76' title='bbox 2168 1609 2317 1693; x_wconf 86' lang='lat' dir='ltr'>quid</span> 
     </span>
     <span class='ocr_line' id='line_1_11' title="bbox 137 1740 2319 1822; baseline 0 -20"><span class='ocrx_word' id='word_1_77' title='bbox 137 1740 461 1804; x_wconf 75' lang='lat' dir='ltr'>litterarum</span> <span class='ocrx_word' id='word_1_78' title='bbox 519 1744 863 1822; x_wconf 86' lang='lat' dir='ltr'>apicumve</span> <span class='ocrx_word' id='word_1_79' title='bbox 917 1741 1294 1805; x_wconf 87' lang='lat' dir='ltr'>correctoris</span> <span class='ocrx_word' id='word_1_80' title='bbox 1353 1758 1578 1803; x_wconf 85' lang='lat' dir='ltr'>manus</span> <span class='ocrx_word' id='word_1_81' title='bbox 1624 1749 1689 1804; x_wconf 86' lang='lat' dir='ltr'>et</span> <span class='ocrx_word' id='word_1_82' title='bbox 1730 1740 2082 1805; x_wconf 88' lang='lat' dir='ltr'>erasissent</span> <span class='ocrx_word' id='word_1_83' title='bbox 2126 1741 2319 1804; x_wconf 88' lang='lat' dir='ltr'>indu-</span> 
     </span>
     <span class='ocr_line' id='line_1_12' title="bbox 134 1873 2322 1956; baseline 0.001 -20"><span class='ocrx_word' id='word_1_84' title='bbox 134 1876 456 1938; x_wconf 85' lang='lat' dir='ltr'>xisseutve</span> <span class='ocrx_word' id='word_1_85' title='bbox 513 1884 577 1937; x_wconf 84' lang='lat' dir='ltr'>et</span> <span class='ocrx_word' id='word_1_86' title='bbox 637 1873 1135 1956; x_wconf 84' lang='lat' dir='ltr'>adscripsissent</span> <span class='ocrx_word' id='word_1_87' title='bbox 1188 1875 1880 1956; x_wconf 82' lang='lat' dir='ltr'>superscripsisscntve</span> <span class='ocrx_word' id='word_1_88' title='bbox 1932 1885 1998 1939; x_wconf 90' lang='lat' dir='ltr'>et</span> <span class='ocrx_word' id='word_1_89' title='bbox 2052 1876 2322 1939; x_wconf 88' lang='lat' dir='ltr'>adiectis</span> 
     </span>
     <span class='ocr_line' id='line_1_13' title="bbox 134 2006 2322 2093; baseline 0.003 -25"><span class='ocrx_word' id='word_1_90' title='bbox 134 2007 318 2089; x_wconf 83' lang='lat' dir='ltr'>signis</span> <span class='ocrx_word' id='word_1_91' title='bbox 378 2006 757 2090; x_wconf 85' lang='lat' dir='ltr'>quibusdam</span> <span class='ocrx_word' id='word_1_92' title='bbox 817 2007 1177 2071; x_wconf 76' lang='lat' dir='ltr'>sociassent</span> <span class='ocrx_word' id='word_1_93' title='bbox 1232 2007 1819 2075; x_wconf 83' lang='lat' dir='ltr'>dissociassentve:</span> <span class='ocrx_word' id='word_1_94' title='bbox 1885 2029 2048 2093; x_wconf 84' lang='lat' dir='ltr'>quae</span> <span class='ocrx_word' id='word_1_95' title='bbox 2112 2015 2322 2075; x_wconf 84' lang='lat' dir='ltr'>corri-</span> 
     </span>
     <span class='ocr_line' id='line_1_14' title="bbox 133 2142 2322 2227; baseline 0.002 -23"><span class='ocrx_word' id='word_1_96' title='bbox 133 2142 306 2221; x_wconf 81' lang='lat' dir='ltr'>gendi</span> <span class='ocrx_word' id='word_1_97' title='bbox 341 2161 586 2226; x_wconf 84' lang='lat' dir='ltr'>genera</span> <span class='ocrx_word' id='word_1_98' title='bbox 626 2143 839 2206; x_wconf 86' lang='lat' dir='ltr'>multis</span> <span class='ocrx_word' id='word_1_99' title='bbox 881 2144 940 2205; x_wconf 89' lang='lat' dir='ltr'>in</span> <span class='ocrx_word' id='word_1_100' title='bbox 987 2143 1149 2207; x_wconf 83' lang='lat' dir='ltr'>locis</span> <span class='ocrx_word' id='word_1_101' title='bbox 1185 2154 1316 2208; x_wconf 87' lang='lat' dir='ltr'>tam</span> <span class='ocrx_word' id='word_1_102' title='bbox 1358 2144 1574 2207; x_wconf 84' lang='lat' dir='ltr'>multis</span> <span class='ocrx_word' id='word_1_103' title='bbox 1617 2143 1827 2207; x_wconf 84' lang='lat' dir='ltr'>modis</span> <span class='ocrx_word' id='word_1_104' title='bbox 1870 2145 2152 2227; x_wconf 87' lang='lat' dir='ltr'>miraque</span> <span class='ocrx_word' id='word_1_105' title='bbox 2196 2164 2322 2209; x_wconf 86' lang='lat' dir='ltr'>va-</span> 
     </span>
     <span class='ocr_line' id='line_1_15' title="bbox 135 2275 2322 2362; baseline 0.003 -29"><span class='ocrx_word' id='word_1_106' title='bbox 135 2275 341 2338; x_wconf 86' lang='lat' dir='ltr'>rietate</span> <span class='ocrx_word' id='word_1_107' title='bbox 405 2278 752 2338; x_wconf 87' lang='lat' dir='ltr'>coniuncta</span> <span class='ocrx_word' id='word_1_108' title='bbox 822 2286 972 2339; x_wconf 91' lang='lat' dir='ltr'>sunt</span> <span class='ocrx_word' id='word_1_109' title='bbox 1036 2287 1102 2340; x_wconf 92' lang='lat' dir='ltr'>et</span> <span class='ocrx_word' id='word_1_110' title='bbox 1179 2288 1478 2362; x_wconf 77' lang='lat' dir='ltr'>tanquam</span> <span class='ocrx_word' id='word_1_111' title='bbox 1556 2279 1935 2360; x_wconf 82' lang='lat' dir='ltr'>complicata</span> <span class='ocrx_word' id='word_1_112' title='bbox 2010 2287 2076 2340; x_wconf 83' lang='lat' dir='ltr'>ut</span> <span class='ocrx_word' id='word_1_113' title='bbox 2107 2321 2125 2355; x_wconf 89' lang='lat'>,</span> <span class='ocrx_word' id='word_1_114' title='bbox 2203 2277 2322 2340; x_wconf 90' lang='lat' dir='ltr'>nisi</span> 
     </span>
     <span class='ocr_line' id='line_1_16' title="bbox 133 2406 2324 2491; baseline 0.002 -23"><span class='ocrx_word' id='word_1_115' title='bbox 133 2408 229 2486; x_wconf 84' lang='lat' dir='ltr'>qui</span> <span class='ocrx_word' id='word_1_116' title='bbox 275 2406 660 2491; x_wconf 81' lang='lat' dir='ltr'>lithographi</span> <span class='ocrx_word' id='word_1_117' title='bbox 714 2416 853 2471; x_wconf 85' lang='lat' dir='ltr'>arte</span> <span class='ocrx_word' id='word_1_118' title='bbox 901 2415 1146 2491; x_wconf 89' lang='lat' dir='ltr'>utatur,</span> <span class='ocrx_word' id='word_1_119' title='bbox 1211 2409 1291 2473; x_wconf 85' lang='lat' dir='ltr'>ad</span> <span class='ocrx_word' id='word_1_120' title='bbox 1348 2408 1538 2473; x_wconf 80' lang='lat' dir='ltr'>fldem</span> <span class='ocrx_word' id='word_1_121' title='bbox 1597 2410 1839 2473; x_wconf 87' lang='lat' dir='ltr'>codicis</span> <span class='ocrx_word' id='word_1_122' title='bbox 1897 2408 2004 2474; x_wconf 87' lang='lat' dir='ltr'>illa</span> <span class='ocrx_word' id='word_1_123' title='bbox 2058 2426 2324 2491; x_wconf 81' lang='lat' dir='ltr'>reprae-</span> 
     </span>
     <span class='ocr_line' id='line_1_17' title="bbox 132 2541 2329 2629; baseline 0 -26"><span class='ocrx_word' id='word_1_124' title='bbox 132 2554 369 2608; x_wconf 80' lang='lat' dir='ltr'>sentare</span> <span class='ocrx_word' id='word_1_125' title='bbox 431 2563 696 2627; x_wconf 89' lang='lat' dir='ltr'>prorsus</span> <span class='ocrx_word' id='word_1_126' title='bbox 750 2554 1058 2629; x_wconf 71' lang='lat' dir='ltr'>nequeatz</span> <span class='ocrx_word' id='word_1_127' title='bbox 1122 2545 1239 2608; x_wconf 90' lang='lat' dir='ltr'>sed</span> <span class='ocrx_word' id='word_1_128' title='bbox 1296 2545 1468 2626; x_wconf 87' lang='lat' dir='ltr'>quod</span> <span class='ocrx_word' id='word_1_129' title='bbox 1522 2543 1802 2608; x_wconf 86' lang='lat' dir='ltr'>breviter</span> <span class='ocrx_word' id='word_1_130' title='bbox 1868 2551 1932 2605; x_wconf 90' lang='lat' dir='ltr'>et</span> <span class='ocrx_word' id='word_1_131' title='bbox 1989 2541 2180 2624; x_wconf 80' lang='lat' dir='ltr'>piane</span> <span class='ocrx_word' id='word_1_132' title='bbox 2224 2541 2329 2604; x_wconf 92' lang='lat' dir='ltr'>in-</span> 
     </span>
     <span class='ocr_line' id='line_1_18' title="bbox 134 2673 2328 2759; baseline 0 -24"><span class='ocrx_word' id='word_1_133' title='bbox 134 2683 336 2758; x_wconf 83' lang='lat' dir='ltr'>tegras</span> <span class='ocrx_word' id='word_1_134' title='bbox 372 2695 582 2740; x_wconf 86' lang='lat' dir='ltr'>voces</span> <span class='ocrx_word' id='word_1_135' title='bbox 618 2678 799 2758; x_wconf 87' lang='lat' dir='ltr'>posui</span> <span class='ocrx_word' id='word_1_136' title='bbox 832 2696 992 2759; x_wconf 88' lang='lat' dir='ltr'>quas</span> <span class='ocrx_word' id='word_1_137' title='bbox 1020 2677 1269 2741; x_wconf 89' lang='lat' dir='ltr'>restitui</span> <span class='ocrx_word' id='word_1_138' title='bbox 1313 2684 1640 2741; x_wconf 86' lang='lat' dir='ltr'>corrector</span> <span class='ocrx_word' id='word_1_139' title='bbox 1675 2673 2012 2738; x_wconf 82' lang='lat' dir='ltr'>voluisset.</span> <span class='ocrx_word' id='word_1_140' title='bbox 2096 2673 2328 2753; x_wconf 83' lang='lat' dir='ltr'>Quan-</span> 
     </span>
     <span class='ocr_line' id='line_1_19' title="bbox 130 2805 2323 2891; baseline 0 -22"><span class='ocrx_word' id='word_1_141' title='bbox 130 2826 302 2890; x_wconf 77' lang='lat' dir='ltr'>quam</span> <span class='ocrx_word' id='word_1_142' title='bbox 342 2811 475 2873; x_wconf 91' lang='lat' dir='ltr'>hoc</span> <span class='ocrx_word' id='word_1_143' title='bbox 516 2827 770 2891; x_wconf 86' lang='lat' dir='ltr'>quoque</span> <span class='ocrx_word' id='word_1_144' title='bbox 812 2809 875 2871; x_wconf 92' lang='lat' dir='ltr'>in</span> <span class='ocrx_word' id='word_1_145' title='bbox 931 2825 1174 2888; x_wconf 78' lang='lat' dir='ltr'>genere</span> <span class='ocrx_word' id='word_1_146' title='bbox 1215 2827 1338 2871; x_wconf 91' lang='lat' dir='ltr'>non</span> <span class='ocrx_word' id='word_1_147' title='bbox 1383 2817 1488 2870; x_wconf 88' lang='lat' dir='ltr'>est</span> <span class='ocrx_word' id='word_1_148' title='bbox 1531 2807 1751 2872; x_wconf 89' lang='lat' dir='ltr'>mirum</span> <span class='ocrx_word' id='word_1_149' title='bbox 1797 2805 2113 2890; x_wconf 82' lang='lat' dir='ltr'>quaedam</span> <span class='ocrx_word' id='word_1_150' title='bbox 2157 2807 2323 2871; x_wconf 86' lang='lat' dir='ltr'>satis</span> 
     </span>
     <span class='ocr_line' id='line_1_20' title="bbox 131 2939 2324 3025; baseline 0 -22"><span class='ocrx_word' id='word_1_151' title='bbox 131 2939 304 3006; x_wconf 79' lang='lat' dir='ltr'>dubia</span> <span class='ocrx_word' id='word_1_152' title='bbox 357 2961 513 3007; x_wconf 84' lang='lat' dir='ltr'>esse</span> <span class='ocrx_word' id='word_1_153' title='bbox 568 2951 636 3006; x_wconf 88' lang='lat' dir='ltr'>et</span> <span class='ocrx_word' id='word_1_154' title='bbox 692 2942 1021 3025; x_wconf 82' lang='lat' dir='ltr'>ambigua.</span> <span class='ocrx_word' id='word_1_155' title='bbox 1139 2941 1431 3005; x_wconf 85' lang='lat' dir='ltr'>Omnium</span> <span class='ocrx_word' id='word_1_156' title='bbox 1487 2950 1701 3004; x_wconf 87' lang='lat' dir='ltr'>autem</span> <span class='ocrx_word' id='word_1_157' title='bbox 1772 2941 2083 3005; x_wconf 89' lang='lat' dir='ltr'>acerrime</span> <span class='ocrx_word' id='word_1_158' title='bbox 2136 2944 2200 3004; x_wconf 88' lang='lat' dir='ltr'>in</span> <span class='ocrx_word' id='word_1_159' title='bbox 2261 2940 2324 3004; x_wconf 81' lang='lat' dir='ltr'>id</span> 
     </span>
     <span class='ocr_line' id='line_1_21' title="bbox 134 3070 2328 3156; baseline 0.001 -25"><span class='ocrx_word' id='word_1_160' title='bbox 134 3070 367 3136; x_wconf 85' lang='lat' dir='ltr'>incubui</span> <span class='ocrx_word' id='word_1_161' title='bbox 411 3083 519 3153; x_wconf 83' lang='lat' dir='ltr'>ut,</span> <span class='ocrx_word' id='word_1_162' title='bbox 568 3073 716 3156; x_wconf 88' lang='lat' dir='ltr'>quid</span> <span class='ocrx_word' id='word_1_163' title='bbox 758 3082 910 3136; x_wconf 83' lang='lat' dir='ltr'>ante</span> <span class='ocrx_word' id='word_1_164' title='bbox 952 3090 1238 3135; x_wconf 85' lang='lat' dir='ltr'>rasuram</span> <span class='ocrx_word' id='word_1_165' title='bbox 1283 3081 1351 3136; x_wconf 80' lang='lat' dir='ltr'>et</span> <span class='ocrx_word' id='word_1_166' title='bbox 1396 3071 1692 3155; x_wconf 81' lang='lat' dir='ltr'>lituram,</span> <span class='ocrx_word' id='word_1_167' title='bbox 1740 3089 1910 3153; x_wconf 84' lang='lat' dir='ltr'>quae</span> <span class='ocrx_word' id='word_1_168' title='bbox 1953 3071 2328 3153; x_wconf 82' lang='lat' dir='ltr'>plerumque</span> 
     </span>
     <span class='ocr_line' id='line_1_22' title="bbox 132 3203 2327 3286; baseline 0.001 -20"><span class='ocrx_word' id='word_1_169' title='bbox 132 3204 463 3269; x_wconf 76' lang='lat' dir='ltr'>fortissima</span> <span class='ocrx_word' id='word_1_170' title='bbox 505 3206 644 3286; x_wconf 76' lang='lat' dir='ltr'>suit,</span> <span class='ocrx_word' id='word_1_171' title='bbox 694 3203 785 3270; x_wconf 78' lang='lat' dir='ltr'>B</span> <span class='ocrx_word' id='word_1_172' title='bbox 823 3204 1124 3285; x_wconf 82' lang='lat' dir='ltr'>scriptum</span> <span class='ocrx_word' id='word_1_173' title='bbox 1171 3204 1537 3284; x_wconf 80' lang='lat' dir='ltr'>habuisset,</span> <span class='ocrx_word' id='word_1_174' title='bbox 1584 3205 2085 3286; x_wconf 74' lang='lat' dir='ltr'>investigareme</span> <span class='ocrx_word' id='word_1_175' title='bbox 2152 3208 2327 3285; x_wconf 83' lang='lat' dir='ltr'>quod</span> 
     </span>
     <span class='ocr_line' id='line_1_23' title="bbox 135 3309 2325 3418; baseline 0.002 -21"><span class='ocrx_word' id='word_1_176' title='bbox 135 3309 229 3400; x_wconf 63' lang='lat' dir='ltr'>uini</span> <span class='ocrx_word' id='word_1_177' title='bbox 269 3340 434 3402; x_wconf 88' lang='lat' dir='ltr'>nullo</span> <span class='ocrx_word' id='word_1_178' title='bbox 485 3337 669 3401; x_wconf 86' lang='lat' dir='ltr'>modo</span> <span class='ocrx_word' id='word_1_179' title='bbox 715 3337 972 3417; x_wconf 86' lang='lat' dir='ltr'>licebat,</span> <span class='ocrx_word' id='word_1_180' title='bbox 1016 3339 1269 3418; x_wconf 90' lang='lat' dir='ltr'>punctis</span> <span class='ocrx_word' id='word_1_181' title='bbox 1314 3338 1726 3400; x_wconf 87' lang='lat' dir='ltr'>evanidarum</span> <span class='ocrx_word' id='word_1_182' title='bbox 1773 3356 2105 3402; x_wconf 86' lang='lat' dir='ltr'>numerum</span> <span class='ocrx_word' id='word_1_183' title='bbox 2150 3339 2325 3402; x_wconf 89' lang='lat' dir='ltr'>litte-</span> 
     </span>
     <span class='ocr_line' id='line_1_24' title="bbox 130 3468 2320 3550; baseline 0.001 -19"><span class='ocrx_word' id='word_1_184' title='bbox 130 3486 320 3531; x_wconf 84' lang='lat' dir='ltr'>rarum</span> <span class='ocrx_word' id='word_1_185' title='bbox 366 3470 609 3534; x_wconf 83' lang='lat' dir='ltr'>notavi.</span> <span class='ocrx_word' id='word_1_186' title='bbox 712 3471 929 3550; x_wconf 88' lang='lat' dir='ltr'>Saepe</span> <span class='ocrx_word' id='word_1_187' title='bbox 985 3472 1152 3532; x_wconf 88' lang='lat' dir='ltr'>enim</span> <span class='ocrx_word' id='word_1_188' title='bbox 1211 3469 1408 3550; x_wconf 78' lang='lat' dir='ltr'>prima</span> <span class='ocrx_word' id='word_1_189' title='bbox 1474 3486 1701 3530; x_wconf 85' lang='lat' dir='ltr'>manus</span> <span class='ocrx_word' id='word_1_190' title='bbox 1762 3469 1870 3531; x_wconf 83' lang='lat' dir='ltr'>vel</span> <span class='ocrx_word' id='word_1_191' title='bbox 1931 3487 2150 3532; x_wconf 78' lang='lat' dir='ltr'>verum</span> <span class='ocrx_word' id='word_1_192' title='bbox 2216 3468 2320 3533; x_wconf 85' lang='lat' dir='ltr'>vel</span> 
     </span>
     <span class='ocr_line' id='line_1_25' title="bbox 129 3599 2315 3682; baseline 0.003 -25"><span class='ocrx_word' id='word_1_193' title='bbox 129 3600 253 3660; x_wconf 83' lang='lat' dir='ltr'>veri</span> <span class='ocrx_word' id='word_1_194' title='bbox 318 3601 599 3682; x_wconf 79' lang='lat' dir='ltr'>vestigia</span> <span class='ocrx_word' id='word_1_195' title='bbox 656 3604 958 3682; x_wconf 84' lang='lat' dir='ltr'>quamvis</span> <span class='ocrx_word' id='word_1_196' title='bbox 1010 3600 1222 3662; x_wconf 88' lang='lat' dir='ltr'>tenuia</span> <span class='ocrx_word' id='word_1_197' title='bbox 1267 3608 1377 3661; x_wconf 89' lang='lat' dir='ltr'>aut</span> <span class='ocrx_word' id='word_1_198' title='bbox 1421 3599 1766 3662; x_wconf 87' lang='lat' dir='ltr'>obscurata</span> <span class='ocrx_word' id='word_1_199' title='bbox 1804 3600 2096 3664; x_wconf 83' lang='lat' dir='ltr'>servavit</span> <span class='ocrx_word' id='word_1_200' title='bbox 2138 3601 2315 3663; x_wconf 82' lang='lat' dir='ltr'>sola:</span> 
     </span>
     <span class='ocr_line' id='line_1_26' title="bbox 127 3733 2321 3818; baseline 0.001 -22"><span class='ocrx_word' id='word_1_201' title='bbox 127 3750 241 3796; x_wconf 83' lang='lat' dir='ltr'>non</span> <span class='ocrx_word' id='word_1_202' title='bbox 282 3735 494 3798; x_wconf 84' lang='lat' dir='ltr'>minus</span> <span class='ocrx_word' id='word_1_203' title='bbox 538 3752 740 3816; x_wconf 85' lang='lat' dir='ltr'>saepe</span> <span class='ocrx_word' id='word_1_204' title='bbox 783 3744 992 3796; x_wconf 88' lang='lat' dir='ltr'>tamen</span> <span class='ocrx_word' id='word_1_205' title='bbox 1030 3744 1222 3816; x_wconf 86' lang='lat' dir='ltr'>atque</span> <span class='ocrx_word' id='word_1_206' title='bbox 1248 3733 1414 3797; x_wconf 83' lang='lat' dir='ltr'>adeo</span> <span class='ocrx_word' id='word_1_207' title='bbox 1444 3733 1712 3817; x_wconf 81' lang='lat' dir='ltr'>saepius</span> <span class='ocrx_word' id='word_1_208' title='bbox 1747 3754 1936 3818; x_wconf 85' lang='lat' dir='ltr'>quam</span> <span class='ocrx_word' id='word_1_209' title='bbox 1971 3745 2321 3818; x_wconf 84' lang='lat' dir='ltr'>exspectes</span> 
     </span>
     <span class='ocr_line' id='line_1_27' title="bbox 126 3867 2326 3953; baseline 0.002 -25"><span class='ocrx_word' id='word_1_210' title='bbox 126 3867 283 3932; x_wconf 81' lang='lat' dir='ltr'>idem</span> <span class='ocrx_word' id='word_1_211' title='bbox 346 3871 676 3948; x_wconf 76' lang='lat' dir='ltr'>librarius,</span> <span class='ocrx_word' id='word_1_212' title='bbox 739 3870 885 3930; x_wconf 84' lang='lat' dir='ltr'>sive</span> <span class='ocrx_word' id='word_1_213' title='bbox 938 3868 1293 3951; x_wconf 87' lang='lat' dir='ltr'>archetypo</span> <span class='ocrx_word' id='word_1_214' title='bbox 1341 3870 1505 3934; x_wconf 89' lang='lat' dir='ltr'>lectu</span> <span class='ocrx_word' id='word_1_215' title='bbox 1551 3872 1790 3936; x_wconf 80' lang='lat' dir='ltr'>difficili</span> <span class='ocrx_word' id='word_1_216' title='bbox 1834 3874 2123 3953; x_wconf 80' lang='lat' dir='ltr'>imperite</span> <span class='ocrx_word' id='word_1_217' title='bbox 2167 3889 2326 3934; x_wconf 87' lang='lat' dir='ltr'>usus</span> 
     </span>
     <span class='ocr_line' id='line_1_28' title="bbox 122 3998 2325 4083; baseline 0.002 -24"><span class='ocrx_word' id='word_1_218' title='bbox 122 3998 256 4061; x_wconf 78' lang='lat' dir='ltr'>sive</span> <span class='ocrx_word' id='word_1_219' title='bbox 301 4002 650 4064; x_wconf 85' lang='lat' dir='ltr'>oscitanter</span> <span class='ocrx_word' id='word_1_220' title='bbox 689 4001 878 4081; x_wconf 88' lang='lat' dir='ltr'>bono,</span> <span class='ocrx_word' id='word_1_221' title='bbox 922 4011 1050 4061; x_wconf 89' lang='lat' dir='ltr'>tam</span> <span class='ocrx_word' id='word_1_222' title='bbox 1091 4000 1322 4062; x_wconf 84' lang='lat' dir='ltr'>vitiosa</span> <span class='ocrx_word' id='word_1_223' title='bbox 1352 4002 1749 4083; x_wconf 82' lang='lat' dir='ltr'>perscripsit,</span> <span class='ocrx_word' id='word_1_224' title='bbox 1790 4003 1888 4063; x_wconf 90' lang='lat' dir='ltr'>eis</span> <span class='ocrx_word' id='word_1_225' title='bbox 1921 4011 1990 4062; x_wconf 86' lang='lat' dir='ltr'>ut</span> <span class='ocrx_word' id='word_1_226' title='bbox 2028 4000 2325 4063; x_wconf 86' lang='lat' dir='ltr'>codicum</span> 
     </span>
    </p>
   </div>
   <div class='ocr_carea' id='block_1_3' title="bbox 122 4125 2326 4345">
    <p class='ocr_par' dir='ltr' id='par_1_3' title="bbox 122 4125 2326 4345">
     <span class='ocr_line' id='line_1_29' title="bbox 124 4125 2326 4217; baseline 0 -21"><span class='ocrx_word' id='word_1_227' title='bbox 124 4125 294 4197; x_wconf 74' lang='lat'>(21)</span> <span class='ocrx_word' id='word_1_228' title='bbox 338 4135 647 4197; x_wconf 86' lang='lat' dir='ltr'>memoria</span> <span class='ocrx_word' id='word_1_229' title='bbox 690 4132 1036 4197; x_wconf 76' lang='lat' dir='ltr'>manifesto</span> <span class='ocrx_word' id='word_1_230' title='bbox 1082 4141 1383 4214; x_wconf 85' lang='lat' dir='ltr'>praestet.</span> <span class='ocrx_word' id='word_1_231' title='bbox 1473 4133 1821 4213; x_wconf 78' lang='lat' dir='ltr'>Vtriusque</span> <span class='ocrx_word' id='word_1_232' title='bbox 1863 4140 2071 4197; x_wconf 88' lang='lat' dir='ltr'>autem</span> <span class='ocrx_word' id='word_1_233' title='bbox 2116 4154 2326 4217; x_wconf 83' lang='lat' dir='ltr'>gene-</span> 
     </span>
     <span class='ocr_line' id='line_1_30' title="bbox 122 4259 2322 4345; baseline 0.004 -23"><span class='ocrx_word' id='word_1_234' title='bbox 122 4259 203 4322; x_wconf 79' lang='lat' dir='ltr'>ris</span> <span class='ocrx_word' id='word_1_235' title='bbox 243 4266 600 4345; x_wconf 83' lang='lat' dir='ltr'>scripturas</span> <span class='ocrx_word' id='word_1_236' title='bbox 655 4263 940 4328; x_wconf 83' lang='lat' dir='ltr'>secunda</span> <span class='ocrx_word' id='word_1_237' title='bbox 997 4281 1227 4328; x_wconf 87' lang='lat' dir='ltr'>manus</span> <span class='ocrx_word' id='word_1_238' title='bbox 1276 4265 1554 4325; x_wconf 84' lang='lat' dir='ltr'>mutavit</span> <span class='ocrx_word' id='word_1_239' title='bbox 1593 4260 1675 4325; x_wconf 87' lang='lat' dir='ltr'>ad</span> <span class='ocrx_word' id='word_1_240' title='bbox 1721 4261 1865 4324; x_wconf 86' lang='lat' dir='ltr'>talis</span> <span class='ocrx_word' id='word_1_241' title='bbox 1909 4260 2151 4328; x_wconf 87' lang='lat' dir='ltr'>codicis</span> <span class='ocrx_word' id='word_1_242' title='bbox 2195 4284 2322 4330; x_wconf 83' lang='lat' dir='ltr'>ex-</span> 
     </span>
    </p>
   </div>
  </div>
 </body>
</html>
