2824 4890
2148 349 2366 414 CXCI

337 537 520 612 Heia,
567 535 735 610 heia,
786 547 895 598 tuo
946 534 1029 596 ex
1077 534 1325 615 ingenio
1371 532 1583 597 mores
1623 532 1865 596 alienos
1908 534 2169 614 probast

169 675 420 759 quando
487 675 547 733 in
606 673 863 755 longam
921 671 1234 751 syllabam
1281 690 1405 731 non
1451 671 1659 750 magis
1703 627 2117 744 demonstrari
2160 679 2372 750 potest

158 817 305 875 heia
350 814 593 875 exiisse
637 830 825 892 quam
869 811 1010 888 eho,
1053 829 1164 888 pro
1207 827 1331 888 quo
1388 810 1506 870 eleo
1554 816 1625 868 lu
1671 808 2131 869 Ambrosianus
2173 828 2366 889 prae-

155 945 291 1006 buit
333 947 504 1005 Trin.
547 942 651 1002 55.
700 941 1004 1004 Ceterum
1053 958 1193 1001 cnm
1237 958 1496 1001 cessare
1542 958 1770 1001 vocem
1817 941 2004 1001 etiam
2052 948 2203 1002 ante
2262 941 2364 1001 in-

156 1078 593 1139 teriectionem
657 1081 1158 1137 consentaneum
1226 1074 1352 1153 sit,
1416 1085 1627 1136 tamen
1683 1076 1787 1136 vel
1834 1077 1928 1138 sic
1973 1076 2155 1137 elisio
2197 1074 2369 1137 haud

149 1216 523 1271 cunctanter
583 1203 869 1267 admissa
932 1213 1072 1284 est,
1136 1213 1206 1267 ut
1246 1205 1436 1284 ‘'Prin.
1484 1221 1549 1266 v.
1595 1205 1738 1270 536.
1794 1205 1941 1269 870.
1985 1206 2128 1271 963.
2181 1207 2366 1268 1072.

151 1340 348 1402 1059:

319 1441 443 1508 Alii
484 1462 560 1505 se
602 1439 1015 1520 stupendis-e.
1056 1459 1135 1502 en
1183 1439 1353 1503 minc
1395 1443 1518 1523 hic,
1566 1445 1794 1525 quoius
1841 1456 1960 1507 est.

311 1564 598 1658 'Aperite
638 1574 786 1655 hoc,
832 1571 1090 1652 aperite.
1150 1575 1346 1644 heus,
1418 1576 1602 1655 ecqui
1646 1576 1749 1637 his
1794 1573 2037 1637 foribus
2093 1573 2358 1638 tutelam

1360 1707 1574 1790 gerit?

315 1834 858 1929 'Adgrediundust
903 1838 1009 1904 hic
1053 1842 1245 1904 homo
1292 1841 1378 1903 mi
1425 1849 1588 1902 astu.
1636 1842 1817 1913 heus,
1855 1837 2018 1920 Pax,
2056 1852 2119 1900 te
2161 1840 2361 1902 tribus

1294 2035 1299 2042 ,
1388 1970 1606 2035 uerbis
1651 1974 1823 2034 uolo.

309 2112 513 2177 certe
561 2113 617 2174 is
650 2117 786 2192 est,
831 2112 887 2173 is
935 2109 1038 2173 est
1075 2114 1386 2188 profecto.
1431 2128 1467 2168 o
1512 2103 1598 2167 mi
1640 2125 1746 2167 ere
1779 2100 2302 2186 exoptatissume.

309 2233 432 2308 'Eo
475 2248 744 2308 domum.
797 2243 938 2304 CH.
985 2244 1147 2303 heus
1191 2248 1278 2313 tu,
1328 2247 1473 2301 asta
1513 2238 1692 2298 ilico:
1736 2239 1891 2298 audi
1929 2255 1983 2297 e.
2032 2254 2092 2318 q.
2135 2252 2190 2296 s·

221 2379 514 2460 Quorum
587 2395 892 2438 versuum
966 2383 1253 2437 extremo
1330 2391 1452 2434 nec
1524 2372 1785 2433 mutatio
1851 2386 2167 2449 personae
2235 2385 2358 2428 uec

142 2511 247 2574 vis
297 2507 781 2572 exciamationis
826 2523 948 2566 nec
1012 2505 1219 2567 finis
1279 2503 1760 2564 sententiae
1803 2499 2045 2559 obstitit
2089 2496 2356 2558 elisioni.

138 2640 311 2703 Nam
377 2636 668 2719 profecto
730 2634 918 2695 etiam
984 2626 1459 2694 cum‘mutatae
1503 2645 1815 2711 personae
1858 2625 1963 2686 vel
2018 2625 2353 2686 exclama·

134 2771 329 2832 tionis
361 2789 566 2851 pausa
612 2789 732 2831 non
777 2772 1151 2831 coniunctus
1198 2764 1403 2845 ipsius
1439 2760 1886 2823 enuntiationis
1932 2756 2099 2836 ίὶιιίε,
2143 2753 2198 2816 si
2245 2773 2356 2815 ra-

131 2903 370 2963 tionem
419 2903 825 2980 consulimus,
877 2918 1003 2961 non
1046 2897 1323 2960 suadere
1367 2902 1648 2973 tantum,
1689 2889 1803 2952 sed
1851 2889 2146 2968 flagitare
2191 2904 2346 2964 pro-

136 3036 554 3097 nuntiationis
623 3032 1028 3108 intervallum
1091 3029 1379 3090 videtur:
1452 3034 1519 3086 et
1558 3033 1773 3085 tamen
1819 3026 1882 3083 in
1932 3019 2054 3081 hoc
2096 3037 2348 3099 quoque

133 3168 325 3229 tertio
368 3182 612 3245 genere
655 3163 985 3224 elisionem
1029 3168 1277 3220 tantum
1320 3157 1508 3218 abest
1562 3162 1633 3215 ut
1679 3147 2148 3213 reformidat-int
2196 3165 2358 3227 poe-

128 3308 254 3384 tae,
305 3307 383 3359 ut
424 3316 566 3358 rara
609 3297 735 3357 sint
776 3297 985 3358 hiatus
1032 3293 1345 3372 exempla.
1432 3291 1518 3352 Et
1565 3289 1625 3348 in
1670 3286 2035 3347 Trinummo
2096 3278 2350 3360 quidem

140 3428 428 3489 nullum:
489 3427 550 3486 in
595 3426 972 3488 contrariam
1021 3430 1263 3505 partem
1309 3418 1589 3480 valentia
1621 3414 1870 3474 circiter
1901 3410 2130 3491 viginti
2171 3408 2359 3489 quin-

126 3578 280 3641 que,
334 3556 515 3619 velut
560 3558 850 3639 (praeter
892 3565 1084 3617 antea
1127 3554 1346 3633 allata,
1380 3553 1442 3612 in
1489 3548 1718 3631 quibus
1750 3542 2127 3606 exclamatio
2154 3557 2359 3621 acceg

124 3691 244 3767 dit)
304 3711 373 3753 v.
443 3692 577 3755 195.
634 3691 778 3754 376.
819 3691 960 3756 681.
1009 3689 1154 3755 692.
1199 3687 1344 3751 717.
1385 3686 1530 3748 795.
1574 3684 1720 3746 826.
1763 3680 1906 3743 996.
1943 3676 2127 3739 1018.
2174 3672 2354 3778 1139.

128 3826 340 3889 1150:

293 3926 477 3994 lsttic
521 3933 809 3995 uolebam
856 3933 1044 3995 scire.
1090 3938 1117 3994 a·
1154 3952 1312 4021 sane
1356 3931 1527 3997 minc
1571 3940 1717 3999 iam.

292 4051 440 4123 'riia
484 4081 553 4123 re
594 4065 803 4124 salua.
850 4064 971 4126 Ιιοο
1018 4062 1205 4146 pacto
1245 4067 1324 4128 ab
1357 4068 1460 4129 iilo
1494 4065 1808 4130 summam
1843 4069 2029 4131 inibis
2078 4067 2349 4151 gratiam

289 4188 514 4258 Meam
553 4215 845 4260 sororem
876 4195 987 4261 tibi
1031 4200 1173 4263 dem
1219 4200 1461 4261 suades
1505 4197 1649 4261 sine
1695 4204 1858 4264 dote.
1906 4210 1976 4264 at
2015 4224 2140 4267 non
2185 4203 2349 4270 con-

1473 4307 1660 4370 uenit.
