2824 4890
2032 325 2329 390 XXXIX

185 529 303 573 cum
346 518 623 593 tanquam
670 509 969 573 traduces
1011 510 1173 571 alios
1218 511 1503 590 peperit,
1558 510 1718 572 satis
1762 508 1991 572 dooere
2034 508 2338 572 hodierna

180 645 400 726 species
439 644 781 704 fabularum
830 642 1257 704 plautinarum
1292 648 1547 722 potest,
1585 643 1960 721 praesertim
2005 660 2143 704 cum
2172 640 2334 703 Am·

180 776 418 838 bresiani
476 774 763 857 exemplo
824 783 1211 854 comparata.
1316 773 1485 835 Nam
1552 789 1693 834 cum
1763 773 2235 852 Amphitruonis
2259 771 2333 850 ⁴)

176 908 633 988 Aululariaeque
680 913 742 966 et
788 903 1170 966 Baccliidum
1214 904 1480 966 lacunas
1521 915 1710 987 atque
1730 904 2169 967 Mostellariae
2197 912 2335 965 tur·

170 1039 266 1101 bas
306 1049 589 1121 tanquam
640 1036 988 1098 hereditate
1029 1038 1428 1118 accepisset,
1493 1059 1667 1102 nova
1726 1040 1946 1102 clades
1998 1040 2163 1102 haec
2216 1057 2337 1103 ac-

170 1172 355 1246 cessit,
400 1182 466 1233 ut
507 1180 571 1233 et
615 1171 676 1231 in
726 1170 850 1231 fine
894 1179 1225 1232 truncatus
1254 1169 1582 1233 Vidularia
1627 1183 1875 1236 careret
1919 1183 1984 1234 et
2024 1175 2090 1234 in
2130 1171 2338 1253 priore

168 1313 316 1384 parte
358 1303 639 1385 plurimis
684 1302 1063 1364 membranis
1108 1301 1456 1383 deperditis
1501 1304 1691 1368 valde
1735 1306 2016 1367 mutilam
2070 1303 2337 1367 haberet

174 1435 551 1499 Cistellariam
603 1446 672 1499 et
717 1440 968 1498 omnino
1015 1456 1137 1498 non
1184 1439 1408 1518 paucis
1454 1440 1515 1500 in
1564 1440 1756 1517 lucie,
1806 1440 2084 1503 Casinae
2126 1438 2338 1520 potis-

177 1569 358 1631 simum
419 1578 486 1633 et
532 1570 981 1643 Cistellariae,
1049 1569 1194 1632 sive
1246 1571 1371 1632 situ
1426 1581 1492 1634 et
1550 1572 1806 1633 madore
1861 1571 2136 1633 affectus
2190 1571 2337 1633 sive

167 1703 340 1783 aliquo
382 1720 544 1765 casu
600 1703 767 1763 lacer
814 1700 945 1781 legi
987 1720 1111 1761 non
1155 1709 1379 1781 posset
1437 1709 1503 1762 et
1554 1700 1814 1764 lacinias
1867 1704 2076 1782 potius
2131 1720 2337 1784 quas-

157 1833 272 1896 dam
313 1854 619 1915 versuum
664 1852 850 1915 quam
895 1834 1232 1895 verborum
1269 1835 1747 1896 continuitatem
1773 1845 2085 1899 servaret.
2130 1837 2338 1899 Prae-

154 1978 299 2031 terea
339 1979 553 2032 autem
605 1968 726 2028 alio
771 1967 1027 2028 invecto
1072 1965 1424 2028 fabularum
1470 1967 1685 2029 ordine
1731 1968 1791 2029 h.
1823 1989 1876 2030 e.
1926 1989 2002 2031 eo
2032 1972 2132 2053 qui
2157 1986 2335 2032 nuno

157 2101 399 2182 obtinet,
444 2098 834 2169 Bacchides
880 2099 959 2159 ab
1004 2100 1374 2163 Aululariae
1419 2102 1734 2162 societate
1787 2100 2102 2165 divulsam
2151 2111 2338 2184 post-

154 2238 342 2314 posuit
381 2234 692 2317 Epidico:
745 2251 866 2313 quo
912 2232 1147 2292 sactum
1194 2241 1262 2293 ut
1305 2250 1475 2327 nunc
1519 2232 1684 2295 duae
1728 2235 1993 2298 lacunae
2036 2253 2186 2298 esse
2229 2235 2338 2296 vi·

154 2366 421 2448 deantur,
478 2386 659 2451 quae
715 2384 837 2427 una
895 2365 1012 2426 fuit
1061 2366 1383 2445 utriusque
1430 2367 1687 2429 fabulae
1732 2367 2106 2429 communis.
2190 2366 2341 2429 Pri-

149 2508 325 2569 stinus
367 2511 533 2570 enim
587 2504 763 2585 ordo,
809 2526 932 2567 non
982 2503 1186 2567 dicam
1233 2504 1440 2585 qualis
1487 2503 1676 2567 fuerit
1699 2548 1721 2588 ,
1770 2505 1886 2567 sed
1932 2506 2132 2587 qualis
2176 2505 2338 2586 fere,

150 2640 345 2702 coniici
390 2660 472 2702 ex
520 2636 951 2699 Ambrosiauo
996 2642 1235 2715 potest,
1277 2636 1382 2716 qui
1429 2633 1550 2696 hoc
1594 2634 1782 2715 longe
1826 2633 2085 2697 diverso
2129 2638 2337 2700 collo-

146 2786 302 2838 catas
359 2775 629 2839 habuit:
700 2782 833 2833 tres
896 2770 1175 2852 primas,
1251 2769 1668 2850 Bacchides,
1736 2789 1878 2833 cum
1950 2768 2338 2834 Curculione

152 2906 437 2991 Captivos
472 2951 491 2986 ,
593 2903 894 2966 Casinam
978 2899 1398 2962 Cistellariam
1486 2899 1817 2981 Epidicum
1904 2901 2331 2965 Mercatorem

153 3039 596 3104 Mostellariarn
649 3036 913 3097 Militem
972 3033 1312 3114 gloriosum
1367 3031 1828 3096 Menaechmus
1899 3035 2331 3097 Trinummum

156 3171 596 3236 'truculentum
642 3167 1040 3230 Vidulariam
1092 3165 1437 3227 Poenulum
1486 3165 1748 3228 Persam
1778 3164 2160 3226 Pseudulum
2187 3166 2333 3229 Ru-

151 3301 376 3371 dentcm
440 3304 769 3370 Stichumx
831 3321 1014 3384 quem
1072 3300 1325 3382 quidem
1387 3302 1666 3365 ordinem
1727 3303 1853 3365 fani
1924 3323 2046 3364 non
2109 3300 2334 3364 videor

170 3593 227 3658 *)
260 3597 331 3646 De
369 3609 480 3645 nna
500 3593 890 3654 Amphitruone
928 3592 1042 3641 scio
1078 3591 1311 3644 dubitari
1350 3605 1514 3654 posse
1549 3595 1727 3643 utrum
1766 3593 1868 3642 iam
1903 3592 2052 3655 prius
2084 3605 2156 3643 an
2194 3606 2337 3646 nunc

261 3701 464 3747 demum
516 3694 768 3767 mutilata
824 3694 926 3742 sit:
978 3697 1192 3755 quando
1243 3696 1305 3743 de
1360 3695 1639 3743 prisciano
1686 3706 1793 3743 non
1848 3695 1983 3745 eatis
2026 3706 2176 3748 certa
2227 3713 2336 3759 res,

268 3799 485 3860 prolatu
530 3809 599 3844 ex
654 3794 942 3856 deperditis
984 3795 1164 3844 scenis
1217 3798 1323 3846 duo
1368 3798 1668 3847 testimonia
1722 3803 1895 3847 utrum
1949 3798 2338 3861 antiquioribus

273 3901 640 3966 grammaticis
673 3905 899 3963 accepta
932 3901 1140 3951 referat
1174 3914 1242 3950 au
1277 3912 1414 3949 suae
1450 3900 1667 3950 lectioni
1704 3902 1904 3950 debeat„
1926 3926 1992 3938 -
2026 3900 2158 3948 Item
2184 3904 2337 3950 certo

275 4005 656 4054 demonstrare
692 4003 827 4054 illud
865 4016 1104 4067 nequeo,
1158 4003 1386 4056 casinae
1420 4002 1867 4065 Cistellariaeque
1904 4000 2129 4051 lacunas
2162 3999 2341 4050 Vidu-

267 4105 542 4170 lariaeque
580 4107 841 4158 iacturam
879 4107 1103 4170 primum
1142 4107 1195 4157 in
1232 4127 1262 4173 y
1300 4106 1568 4168 extitisse,
1604 4116 1703 4154 nec
1737 4104 1791 4153 in
1828 4100 1885 4151 δε
1920 4099 2122 4149 demum
2163 4100 2340 4150 saetas

270 4222 407 4258 esee.
478 4208 552 4257 De
586 4209 786 4259 talibus
822 4208 1071 4271 quoniam
1118 4207 1170 4258 in
1221 4212 1501 4269 utramque
1550 4209 1756 4267 partem
1806 4200 2092 4264 disceptari
2139 4206 2337 4266 potest,

266 4308 420 4368 posui
458 4312 596 4371 quod
632 4312 866 4361 suadere
903 4311 1019 4375 ipsa
1054 4309 1130 4361 rei
1166 4308 1522 4374 probabilitas
1560 4307 1855 4358 videretur.
