2824 4890
466 347 687 413 CCIV

461 557 607 601 men
652 551 800 597 cum
848 532 974 595 hoc
1019 507 1347 612 postremo
1396 524 1565 610 quod
1613 529 1973 607 comparari
2020 532 2255 605 queat,
2324 540 2411 584 ex
2470 522 2687 586 unde·

463 666 690 748 viginti
747 663 975 725 fabulis
1034 657 1345 723 Plautinis
1405 656 1554 719 nihil
1612 654 1948 735 recordor,
2010 659 2076 717 in
2137 674 2263 720 una
2314 655 2685 719 Mercatore

463 801 601 861 ecio
647 793 1105 871 tria-exempla
1145 797 1405 852 exstare
1438 808 1498 890 ι,
1536 790 1600 865 2,
1639 789 1741 851 69.
1785 806 1858 868 11,
1900 788 1964 868 4,
2010 787 2111 848 11.
2152 773 2334 868 13⁰2,
2374 786 2494 854 ,472
2628 869 2633 874 Ι

642 944 842 1006 Nam
884 943 1176 1007 amicam.
1238 938 1410 1021 Quid
1457 936 1651 1006 eam?
1716 939 1914 1002 Vidit.
1982 933 2229 1002 Vidit?
2271 956 2394 1000 uae
2445 933 2691 999 misero

1783 1071 1952 1133 mihi.

641 1220 839 1283 Ναυῆ
882 1219 1173 1280 amicam.
1217 1213 1503 1281 Nimium
1550 1219 1811 1282 multum
1854 1214 2009 1284 scie.
2054 1220 2212 1281 Tuis
2257 1218 2575 1303 ingratiis.

642 1358 841 1419 Tu'am
883 1359 1172 1418 amicam.
1234 1353 1401 1436 Quid
1447 1354 1636 1422 eam?
1695 1359 1826 1421 Vbi
1881 1360 2003 1440 ait,
2060 1357 2190 1441 ego
2243 1360 2401 1424 scio.
2470 1360 2689 1440 Tune,

1786 1492 2078 1559 obsecro.

468 1632 630 1695 'l'am
676 1633 839 1695 haec
882 1633 1157 1714 gemella
1210 1639 1391 1711 sunt,
1453 1639 1521 1692 ut
1580 1626 1660 1690 de
1715 1632 2089 1710 integritate
2146 1628 2509 1708 scripturae
2574 1628 2689 1688 vix

467 1762 660 1824 liceat
700 1762 1006 1826 dubitare.
1106 1764 1334 1840 ltaque
1391 1761 1514 1824 hoc
1559 1779 1743 1824 omne
1786 1762 1948 1823 illius
1991 1760 2385 1842 quaestionis
2438 1779 2683 1841 oppor-

466 1890 717 1951 tunitati
765 1888 1218 1963 reservandum
1267 1902 1389 1971 est,
1438 1909 1562 1970 qua
1608 1890 1753 1972 quid
1804 1891 1862 1952 in
1894 1892 2257 1952 Mercatore
2297 1910 2338 1952 a
2382 1890 2684 1953 Plautino

465 2025 723 2106 ingenio
772 2034 838 2086 et
881 2043 998 2086 usu
1042 2025 1407 2104 abhorreat,
1458 2022 1861 2104 expendetur
1898 2022 2273 2085 accuratius.

565 2235 568 2242 .
631 2155 867 2220 Restat
905 2164 972 2218 ut
1019 2156 1315 2217 theticam
1358 2155 1671 2235 syllabam
1717 2153 2157 2215 trochaeorum
2203 2153 2685 2234 iamborumque

468 2315 698 2379 negem
745 2298 938 2359 ullum
987 2314 1260 2377 unquam
1306 2296 1543 2356 hiatum
1581 2298 1735 2368 (nisi
1777 2295 1870 2355 eis
1908 2311 2069 2373 quas
2107 2293 2186 2353 ab
2230 2291 2402 2352 initio
2447 2293 2681 2371 capitis

467 2430 740 2495 tractavi
770 2429 1280 2505 condicionibus]
1323 2433 1674 2511 recepisse,
1719 2430 1863 2491 sive
1900 2427 2065 2490 illam
2098 2428 2289 2508 longa
2312 2427 2461 2489 sive
2488 2425 2677 2488 brevi

468 2563 677 2626 vocali
722 2565 1140 2626 terminatam.
1224 2564 1396 2625 Nam
1444 2562 1562 2625 hos
1609 2562 1822 2626 hiatus
1867 2562 1966 2643 qui
2014 2561 2461 2622 deosculantur
2502 2568 2569 2619 et
2610 2561 2678 2620 in

465 2696 606 2757 sinu
651 2696 896 2777 fovent,
938 2704 1092 2758 sunt
1134 2695 1194 2756 hi
1239 2694 1321 2757 illi
1366 2695 1488 2774 ipsi
1528 2690 1931 2773 ‘licentiarii'‚
1977 2711 2140 2773 quos
2182 2708 2374 2771 supra
2416 2689 2550 2752 dixi
2591 2689 2677 2752 ad

467 2843 609 2887 eain
654 2826 1111 2905 perfectionem
1165 2825 1530 2890 inchoatam
1588 2828 1667 2889 ab
1725 2825 1866 2888 aliis
1910 2826 2255 2889 doctrinam
2299 2824 2681 2905 adduxisse,

473 2959 545 3013 ut
587 2951 819 3014 nullum
869 2970 1098 3015 versus
1141 2956 1350 3017 locum
1393 2975 1517 3018 non
1560 2956 1898 3020 admittere
1941 2956 2176 3017 hiatum
2207 2953 2503 3017 dicerent.
2551 2953 2682 3032 Qui

467 3082 739 3146 viderint
780 3102 863 3146 ne
905 3085 987 3146 ab
1028 3085 1123 3147 eis
1178 3087 1549 3166 vincantur,
1609 3089 1713 3168 qui
1773 3107 1898 3150 non
1961 3086 2261 3149 ferendos
2305 3105 2459 3149 esse
2501 3087 2682 3149 hiatu

465 3224 763 3277 carentes
808 3234 1037 3278 versus
1081 3216 1571 3281 demonstraturi
1615 3224 1765 3285 sint.
1814 3221 1978 3284 Cum
2026 3222 2387 3283 taeterrimo
2431 3222 2493 3283 in
2542 3225 2678 3285 arsi

465 3349 645 3413 hiatu
685 3370 808 3413 non
852 3355 1063 3436 magis
1108 3354 1496 3416 tolerabilem
1542 3355 1846 3441 theticum
1891 3355 2028 3418 libri
2071 3356 2322 3417 sociant
2352 3355 2679 3437 contiguis

463 3485 811 3548 Trinummi
855 3488 1148 3550 versibus
1185 3489 1331 3549 54⁰.
1377 3487 1538 3550 539:

634 3616 808 3680 Sues
852 3619 1202 3680 moriuntur
1244 3616 1482 3700 angina
1523 3620 1885 3685 acerrume.-

636 3750 806 3813 Nam
851 3745 1197 3832 fulguritae
1238 3749 1391 3816 mint
1437 3756 1718 3817 alternae
1759 3756 2045 3817 arborea.

467 3883 679 3964 Quem
725 3902 892 3947 cave
936 3884 1037 3948 hie
1095 3890 1404 3970 exemplis
1462 3891 1799 3952 defensum
1858 3908 1975 3952 eas
2029 3891 2261 3970 Amph.
2320 3910 2368 3973 1,
2416 3893 2482 3973 1,
2532 3891 2674 3955 119.

464 4016 700 4082 Bacch.
744 4035 816 4097 ιι,
862 4017 926 4097 3,
970 4016 1098 4081 73:

630 4152 695 4212 N
700 4150 781 4215 (Sc
823 4153 1083 4235 iugulae
1110 4173 1321 4237 neque
1358 4154 1721 4242 uesperugo
1756 4156 1966 4241 neque
1996 4157 2303 4241 uergiliae
2333 4156 2634 4222 o'ccidunt
2653 4176 2673 4216 ε

633 4276 762 4356 Qui
802 4278 931 4344 illic
971 4284 1287 4348 sacerdos
1329 4282 1435 4348 <ist
1479 4287 1741 4350 Dianae.
1765 4262 2126 4369 Ephesiae:
