2824 4890
425 356 549 422 CV
560 357 652 419 111

430 550 575 615 3ὣ.
615 545 757 610 378.
800 545 938 609 411.
982 539 1126 602 422.
1169 536 1314 602 430.
1360 533 1500 598 439.
1544 533 1686 598 445.
1730 528 1874 596 451.
1923 530 2067 594 511.
2113 528 2254 591 525.
2301 523 2448 588 526.
2494 519 2643 586 533.

427 685 571 748 542.
615 678 758 743 563.
797 676 941 740 595.
982 674 1122 738 596.
1169 671 1317 735 869.
1358 667 1504 733 932.
1553 667 1756 731 101οε
1803 666 2033 750 quibus
2075 661 2242 725 adde
2275 664 2354 741 fit
2383 662 2499 738 fiet
2529 662 2642 737 [εἰη

429 814 820 898 corruptelas
878 830 939 875 v.
989 810 1125 871 141.
1170 806 1313 871 364.
1354 804 1516 878 529,
1582 807 1757 865 umet
1809 798 2102 880 syllabae
2159 795 2244 856 in'
2268 798 2376 876 use
2416 792 2527 855 vel
2568 793 2659 871 us

433 949 921 1015 conversionem
967 943 1073 1005 vel
1116 942 1264 1004 huic
1307 942 1683 1003 contrariam
1734 935 2019 1015 aliasque
2062 929 2255 992 miras
2279 944 2479 1007 saepe
2525 920 2650 985 de-

435 1084 849 1168 pravationes
913 1098 978 1141 v.
1025 1076 1162 1138 112.
1216 1075 1362 1138 264.
1418 1071 1563 1135 368.
1614 1068 1757 1134 542.
1802 1066 1953 1130 600.
2011 1062 2159 1128 830.
2223 1059 2407 1123 1005.
2459 1055 2650 1121 1043.

441 1215 623 1282 1058.
673 1210 869 1277 11733
932 1228 1261 1294 perperam
1322 1214 1535 1269 autem
1589 1203 1864 1287 positum
1919 1205 2128 1263 meust
2166 1215 2281 1278 pro
2328 1214 2510 1256 meus
2551 1197 2658 1253 eet

434 1370 498 1413 v.
549 1347 733 1412 1055.
822 1343 957 1408 Sed
1003 1362 1161 1406 sane
1203 1357 1517 1423 personae
1560 1335 1911 1400 mutatione
1956 1329 2310 1395 accedente
2353 1344 2476 1388 non
2522 1344 2651 1408 po-

435 1486 549 1549 tuit
594 1484 971 1566 aphaeresis
1016 1479 1216 1543 teneri
1259 1497 1326 1543 v.
1365 1475 1526 1540 9342
1583 1479 1655 1536 in
1689 1479 1900 1553 ponto.
1941 1469 2075 1534 SY.
2122 1474 2254 1543 est,
2316 1482 2451 1526 non
2507 1463 2653 1523 illa.

443 1620 627 1686 Satis
670 1627 882 1682 autem
924 1618 1201 1699 ineptum
1246 1630 1396 1675 esse
1439 1617 1746 1692 apparet,
1781 1606 1946 1689 quod
1991 1600 2362 1687 quibusdam
2410 1597 2654 1680 placuit

440 1755 732 1821 nactus’s
774 1764 968 1836 atque
1012 1748 1329 1814 nactae’st
1363 1748 1645 1812 seribere
1685 1743 1905 1827 putida
1932 1740 2277 1824 diligentia.
2340 1737 2649 1802 Ceterum

442 1904 509 1957 et
552 1892 778 1956 tertiae
823 1908 1138 1973 personae
1181 1897 1246 1951 et
1285 1885 1610 1951 secundae
1639 1882 2009 1965 aphaeresis
2035 1879 2358 1942 vocalium
2387 1877 2650 1959 quidem

442 2022 720 2088 finalium
768 2015 1122 2083 communis
1164 2029 1268 2082 est
1312 2018 1585 2081 omnium
1613 2062 1633 2099 ,
1691 2018 1833 2078 sive
1877 2034 1995 2076 eae
2039 2012 2275 2075 breves
2318 2018 2465 2072 sunt
2503 2010 2653 2072 sive

436 2156 702 2237 longaet
752 2152 814 2215 in
857 2173 893 2213 s
935 2150 1267 2213 terminata
1308 2147 1621 2212 vocabula
1666 2154 1999 2228 utrumque
2040 2159 2247 2226 genus
2291 2140 2638 2204 admittere

447 2290 568 2354 hac
613 2287 988 2352 condicione
1030 2285 1277 2365 solent,
1319 2290 1391 2345 ut
1435 2300 1575 2344 eam
1620 2286 2075 2342 consonantem
2122 2295 2288 2358 quae
2325 2275 2656 2357 praecedit

444 2424 692 2490 vocalis
730 2423 947 2487 brevis
989 2422 1111 2486 siti
1155 2419 1236 2482 ab
1282 2418 1359 2480 iis
1402 2435 1565 2500 quae
1609 2415 1668 2478 in
1712 2436 1773 2477 m
1816 2423 2080 2493 exeunt,
2126 2412 2395 2476 alterum
2440 2429 2651 2496 genus

449 2578 713 2644 prorsus
760 2558 1098 2621 exclusum
1144 2560 1243 2615 est
1297 2554 1562 2632 solaque
1624 2548 1846 2610 tertiae
1897 2564 2213 2629 personae
2273 2544 2652 2626 aphaeresis

446 2694 669 2757 ascita.
776 2693 1005 2772 Neque
1060 2689 1223 2752 enim
1286 2707 1364 2750 eo
1420 2687 1679 2768 linguae
1735 2701 1888 2745 usus
1947 2697 2339 2765 progressus
2398 2687 2502 2740 est
2559 2690 2649 2757 nt,

446 2826 613 2910 quod
658 2832 882 2906 posset
921 2823 1233 2903 profecto,
1279 2822 1467 2882 etiam
1511 2821 1644 2879 nisi
1680 2812 1985 2896 quidem’s
2027 2816 2345 2876 obnoxius
2386 2830 2451 2873 v.
2488 2810 2652 2874 1063

453 2959 751 3042 probaret
801 2974 913 3036 pro
958 2954 1208 3033 quidem
1248 2971 1358 3023 ee,
1422 2966 1782 3032 quanquam
1828 2956 1894 3010 et
1936 2946 2252 3025 quidemst
2294 2950 2360 3004 et
2398 2948 2653 3023 quamsi

449 3108 517 3150 v.
545 3086 691 3150 575.
719 3084 841 3148 801
892 3090 956 3144 et
999 3088 1249 3162 quomst
1288 3091 1353 3143 et
1397 3080 1623 3143 similia
1667 3078 1986 3162 quaelibet
2017 3075 2331 3159 probavit.
2417 3076 2487 3136 ln
2523 3092 2648 3136 vo-

454 3219 695 3284 calibus
749 3226 959 3281 autem
1009 3234 1128 3277 non
1175 3224 1313 3277 erat
1357 3231 1472 3276 cur
1519 3211 1623 3275 vel
1662 3218 1973 3292 quoquest
2009 3230 2072 3271 v.
2118 3208 2243 3271 429
2284 3208 2391 3269 vel
2434 3210 2649 3269 uictu-

448 3361 712 3436 raquest
753 3372 818 3415 v.
854 3352 937 3414 56
982 3352 1088 3414 vel
1128 3346 1275 3411 ita’s
1319 3368 1382 3414 v,
1407 3349 1492 3410 46
1537 3348 1640 3409 vel
1688 3342 1960 3408 hercle's
2004 3363 2067 3406 v.
2092 3342 2219 3406 973
2259 3341 2368 3402 vel
2413 3337 2650 3401 homo'e

449 3505 516 3548 v.
561 3485 685 3548 447
728 3486 832 3546 vel
874 3490 999 3544 test
1042 3501 1103 3542 v.
1157 3481 1275 3542 196
1316 3479 1424 3541 vel
1471 3484 1608 3538 eost
1650 3497 1711 3540 v.
1756 3473 1883 3538 323
1925 3476 2027 3537 vel
2073 3480 2198 3537 εἰει
2248 3495 2313 3540 v,
2355 3473 2486 3537 946
2547 3472 2650 3535 vel

453 3621 607 3678 mist
645 3633 708 3675 v.
750 3612 879 3675 895
923 3613 1029 3673 vel
1067 3613 1213 3671 mi’s
1252 3628 1317 3671 v.
1358 3608 1466 3671 94.
1507 3607 1633 3671 635
1672 3607 1776 3668 vel
1823 3605 1949 3670 tu’s
1990 3626 2050 3668 v.
2082 3607 2206 3668 454
2247 3604 2648 3687 defugerem,

454 3762 719 3828 quorum
764 3743 819 3804 si
865 3758 1032 3821 quae
1074 3760 1112 3802 e
1155 3739 1329 3801 libris
1372 3737 1521 3801 nihil
1568 3737 1863 3819 praesidii
1910 3738 1966 3799 in
2011 3737 2133 3800 hac
2156 3736 2369 3800 fabula
2395 3736 2647 3810 habent,

447 3886 518 3942 at
563 3876 795 3939 habent
838 3875 897 3936 in
941 3871 1098 3934 aliis.
1188 3871 1479 3953 Denique
1526 3873 1587 3931 in
1635 3870 1751 3951 eis,
1795 3887 1960 3951 quae
2003 3890 2039 3930 ε
2080 3870 2459 3932 consonanti
2505 3867 2647 3930 fini-

449 4020 660 4094 untur,
706 4010 995 4072 brevium
1046 4004 1361 4069 vocalium
1406 4003 1568 4065 fines
1611 4018 1926 4083 nunquam
1972 4000 2297 4064 secundae
2340 4019 2649 4083 personae

448 4143 828 4226 aphaeresis
874 4142 1195 4217 excessit,
1257 4136 1373 4198 sed
1424 4134 1707 4198 substitit
1747 4136 1806 4196 in
1851 4130 2102 4205 bonu's,
2148 4133 2435 4196 sirnilae's:
2492 4133 2650 4195 ultra

449 4294 796 4360 progressa
845 4285 945 4339 est
992 4276 1237 4355 tertiae,
1284 4270 1402 4334 sed
1450 4271 1608 4333 raris
1654 4269 1963 4349 exemplis
2008 4283 2127 4330 nec
2168 4284 2424 4347 semper
2465 4264 2650 4329 dubi-—
