2824 4890
530 297 843 361 chxvn
853 301 879 359 1

527 479 676 539 Nec
721 479 1010 540 substitit
1062 490 1274 542 tamon
1336 485 1653 564 correptio
1701 484 1759 545 in
1807 489 2165 565 praesentis
2206 489 2405 569 prima
2456 511 2709 573 persona

519 615 716 689 atquo
743 606 968 669 futuri:
1015 626 1139 670 nec
1161 609 1325 671 enim
1349 610 1536 673 aliam
1563 614 1867 677 rationem
1897 618 1945 677 d
1959 638 1993 678 e
2014 622 2060 678 d
2079 616 2113 679 ἵ
2134 621 2484 699 perfectum
2513 624 2708 706 habet,
2759 665 2767 678 ·

518 742 904 823 pravissimo
952 744 1182 807 iudicio
1223 765 1263 808 a
1306 747 1680 829 quibusdam
1728 768 1873 814 cum
1920 761 2233 835 correptis
2275 758 2330 819 si
2376 758 2476 820 dis
2521 759 2711 841 piacet

510 875 747 935 'dedisti
789 884 855 937 et
897 879 1154 938 dedisse
1197 876 1420 940 formis
1465 881 1768 943 collatum
1814 902 1977 964 quas
2021 904 2080 965 p.
2128 903 2328 953 cxxvz
2365 908 2464 972 sq.
2517 912 2712 956 romo-

520 1005 770 1070 vimus:
818 1010 995 1072 velut
1021 1012 1190 1072 Trin.
1212 1012 1354 1077 728.
1382 1015 1515 1080 Mil.
1538 1033 1606 1092 n,
1637 1018 1690 1092 1,
1712 1017 1813 1080 53.
1836 1021 2029 1087 Poen.
2059 1042 2101 1099 ι,
2124 1022 2185 1098 3,
2199 1024 2256 1090 7.
2281 1024 2469 1107 Capt.
2491 1047 2563 1107 ιι,
2583 1028 2712 1105 3‚‹1:

767 1157 953 1235 Dcdi,
977 1179 1310 1241 reposcam
1336 1173 1403 1224 ut
1428 1162 1697 1228 habeam
1722 1187 1967 1231 mecum
1995 1170 2163 1252 quod
2188 1175 2385 1236 feram
2413 1175 2714 1242 uiaticum.

770 1291 934 1353 Dedi
982 1291 1319 1355 morcatori
1365 1292 1687 1379 quoidam,
1734 1299 1837 1378 qui
1883 1299 1962 1362 ad
2011 1279 2180 1364 ilium
2227 1302 2490 1368 differat.

766 1424 929 1487 Dedi
977 1422 1211 1487 diidum
1258 1427 1633 1508 priusquam·
1668 1448 1771 1492 me
1814 1430 2179 1496 &uocauisti
2222 1437 2415 1500 foras.

759 1559 929 1621 Nam
976 1579 1100 1643 ego
1148 1559 1572 1623 adstumatum
1622 1572 1685 1625 te
1731 1560 1879 1628 huic
1923 1565 2069 1628 dedi
2112 1569 2338 1651 uiginti
2384 1574 2615 1658 minis,

514 1704 630 1766 nisi
676 1707 760 1767 ibi
808 1725 921 1787 pro
967 1714 1030 1767 te
1071 1714 1495 1769 aestumatum
1538 1679 1689 1770 leui'c
1731 1713 1892 1785 dedi,
1940 1713 2110 1794 quod
2144 1718 2339 1781 estin
2385 1721 2600 1805 libris,
2638 1725 2715 1786 sic

514 1833 727 1913 potins
770 1831 1245 1896 collocandum:
1305 1835 1730 1898 adclamatum
1774 1840 1924 1902 lmic
1962 1843 2113 1903 de'di
2154 1853 2232 1906 te.
2333 1850 2419 1913 Et
2467 1854 2718 1917 mirifice

515 1966 682 2029 hauc
729 1986 1087 2032 mensuram
1133 1989 1515 2053 omnemque
1572 1972 1779 2055 legem
1824 1994 1864 2036 a
1907 1977 2093 2039 uobis
2152 1980 2529 2063 indagatam
2590 1989 2716 2051 iilud

518 2101 847 2164 confirmat
889 2103 1081 2185 quod,
1131 2124 1257 2186 qua
1307 2107 1556 2169 rationo
1598 2109 1907 2189 simplicis
1953 2112 2115 2172 Ιιαόε
2162 2113 2531 2194 imperativi
2582 2142 2717 2202 pro-

518 2202 768 2299 sodiam
827 2238 1249 2318 compositum
1311 2242 1519 2300 haben
1572 2252 1832 2323 servat,
1899 2243 2124 2306 cadem
2186 2248 2430 2309 «ledia
2490 2253 2718 2317 dictum

517 2382 618 2434 est
663 2373 911 2436 duabus
953 2374 1258 2437 brevibus
1306 2374 1491 2456 Epid.
1535 2394 1605 2453 v,
1639 2375 1703 2453 2,
1745 2378 1866 2442 38:

776 2505 977 2569 uddin
1025 2509 1132 2569 tibi
1177 2505 1379 2569 minas
1427 2510 1684 2589 triginta
1729 2511 1808 2571 ob
1855 2509 2068 2574 filiam.
2114 2512 2355 2575 Fateor
2400 2515 2622 2581 datas.

388 2327 433 2340 ‚⁴⁰

517 2642 621 2703 Ab
668 2643 769 2704 his
813 2651 1067 2719 autem,
1127 2661 1289 2723 quae
1333 2652 1485 2705 sunt
1528 2645 1918 2727 certissima,
1982 2648 2299 2729 proficisci
2358 2651 2440 2712 ad
2492 2657 2720 2716 rariora

518 2776 832 2859 quaedam
893 2774 1156 2837 tutanda
1214 2775 1463 2837 iicebit:
1528 2796 1671 2839 nam
1737 2797 1878 2839 rara
1940 2797 2089 2841 osse
2147 2800 2272 2843 non
2320 2794 2423 2846 ost
2470 2788 2716 2865 mirum,

517 2926 660 2969 cum
709 2914 958 2988 praeter
1002 2907 1230 2967 allatas
1276 2894 1515 2968 formas
1543 2907 1933 2988 paucissima
1966 2909 2026 2970 in
2064 2911 2201 2992 ipsa
2238 2913 2458 2995 lingua
2495 2918 2718 2980 similia

516 3038 810 3117 exempla
850 3045 1125 3099 exstent.
1212 3036 1437 3119 ltaque
1479 3054 1604 3100 nec
1646 3042 1742 3100 da
1762 3041 1849 3101 10⁹
1889 3041 2329 3121 imperativum
2377 3066 2554 3114 nunc
2592 3052 2722 3113 soi·

521 3171 696 3233 licito
744 3168 991 3232 Bacch..
1036 3186 1078 3244 1,
1122 3169 1177 3244 1,
1220 3167 1336 3231 51:

760 3301 929 3366 Dato
975 3302 1080 3387 qui
1129 3304 1290 3367 bene
1334 3306 1452 3369 sit:
1499 3306 1652 3390 ogo,
1699 3310 1800 3371 ubi
1848 3309 2005 3373 bene
2049 3315 2156 3395 sit,
2203 3310 2316 3377 tibi
2362 3315 2580 3384 locum
2630 3321 2721 3384 Ιο-

1854 3443 2073 3526 pidiim
2119 3447 2317 3513 dabor

514 3589 637 3634 nec
681 3572 873 3635 dar?
912 3576 1289 3639 obstinatius
1335 3597 1503 3660 nego
1546 3581 1777 3660 corripi
1817 3581 2107 3661 potuisse
2150 3583 2317 3646 aud.
2365 3603 2475 3662 iv,
2519 3586 2602 3661 3,
2649 3587 2731 3650 20

513 3706 691 3781 (coli.
739 3707 1009 3790 Adelph.
1039 3729 1135 3791 ιιι,
1162 3712 1228 3791 2,
1262 3711 1351 3773 13.
1401 3713 1655 3775 Phorm.
1682 3733 1755 3795 n,
1790 3715 1845 3797 1,
1875 3716 2021 3791 313:
2067 3720 2193 3783 hoc
2235 3731 2450 3783 autem
2500 3725 2724 3785 neseio

507 3855 587 3898 an
637 3840 725 3899 uti
770 3840 964 3903 liccat
1006 3841 1085 3902 ad
1125 3842 1307 3920 pat'z‘
1351 3843 1819 3910 defendendum
1874 3849 1934 3910 iu
1978 3849 2186 3911 Auiul.
2230 3867 2327 3932 tv,
2371 3853 2435 3933 9,
2486 3854 2620 3936 16,
2671 3862 2728 3914 et

512 3966 689 4057 loqu?
727 3977 792 4035 in
840 3975 1077 4038 Bacch.
1123 3995 1196 4053 v,
1249 3979 1309 4059 1,
1362 3980 1466 4041 18:

759 4105 956 4170 Certe
1015 4104 1121 4172 hic
1177 4128 1372 4192 prope
1429 4132 1531 4175 me
1587 4115 1740 4178 mihi
1802 4115 2026 4180 nascio
2086 4120 2229 4201 quis
2279 4120 2450 4201 loqui
2498 4116 2732 4184 uisu-t.

1839 4267 1944 4318 set
1990 4274 2177 4337 quem
2224 4254 2429 4326 uideo.
