2824 4890
2310 357 2438 420 XV

409 533 498 604 Y
542 535 603 597 h.
637 555 692 597 e.
738 534 952 599 codex
999 555 1120 598 non
1160 536 1561 620 indiligenter
1600 538 1881 602 collatus
1938 540 1996 602 in
2044 542 2438 625 marginibus

226 669 509 749 exempli
558 665 957 730 Gronoviani
1001 687 1057 733 a.
1106 686 1430 732 nncnxiv.
1490 670 1661 752 quod
1718 679 2021 734 servatur
2077 676 2141 735 in
2202 674 2434 738 biblio-

222 802 422 863 theca
471 798 773 863 Leidensi
817 801 1140 882 signatum
1187 799 1310 867 ‘12
1358 800 1609 880 Gron.',
1655 814 1941 868 ceterum
1988 806 2266 887 ignotus.

395 958 539 1020 Hos
583 967 794 1020 autem
841 957 1094 1020 codices
1140 967 1285 1038 post
1326 978 1405 1020 ea
1452 979 1615 1041 quae
1659 962 1717 1023 in
1766 963 2250 1045 prolegomenis
2283 966 2430 1028 'l'ri-

226 1094 468 1155 nummi
529 1091 853 1174 disputavi
909 1096 1022 1154 vix
1081 1101 1184 1155 est
1240 1092 1406 1173 quod
1454 1114 1741 1156 moneam
1790 1114 1874 1156 ex
1917 1098 2431 1178 interpolatorum

224 1236 785 1308 correctorumque
829 1245 1069 1309 genere
1113 1245 1265 1287 esse
1309 1245 1549 1288 omnes.
1639 1226 1825 1305 Quos
1871 1229 1979 1308 qui
2025 1229 2199 1291 volet
2244 1229 2433 1292 facile

228 1363 470 1442 poterit
509 1367 888 1440 exprompta
929 1359 1281 1441 scripturae
1309 1358 1736 1439 discrepantia
1779 1359 1945 1423 duee
1986 1361 2223 1423 linitius
2267 1361 2431 1425 inter

227 1511 308 1556 se
371 1492 804 1556 discriminare
872 1503 937 1557 et
998 1492 1375 1575 quibusdam
1448 1491 1772 1553 classibus
1841 1490 2215 1573 dispertiret
2301 1510 2429 1575 quo

224 1625 482 1706 quidem
527 1646 760 1706 operae
798 1628 1065 1707 pretium
1110 1626 1248 1687 fieri
1293 1645 1480 1709 nego.
1578 1625 1883 1688 Ceterum
1934 1629 2162 1707 partim
2221 1629 2283 1689 in
2325 1628 2428 1691 his

227 1760 456 1839 partim
500 1759 562 1821 in
604 1761 748 1822 aliis
789 1760 963 1821 libris
1011 1758 1319 1821 Plautinis
1360 1759 1806 1841 excerpendis,
1849 1778 2009 1841 quos
2048 1761 2110 1822 in
2155 1767 2432 1823 extero·-

224 1910 364 1953 rum
422 1890 818 1952 bibliothecis
877 1910 918 1954 a
975 1911 1080 1953 me
1134 1890 1473 1973 indagatos
1532 1893 1671 1973 ipse
1713 1893 2028 1974 inspicere
2074 1903 2316 1958 tantum
2364 1904 2430 1958 et

229 2023 597 2084 examinare
643 2026 983 2106 potuerim,
1040 2042 1222 2088 suam
1282 2027 1432 2089 mihi
1478 2047 1774 2109 operam,
1836 2049 1961 2110 qua
2003 2039 2151 2092 sunt
2192 2040 2257 2093 et
2299 2030 2424 2093 mei

224 2158 441 2221 studio
485 2167 549 2221 et
588 2159 648 2219 in
694 2158 904 2221 studia
948 2178 1090 2222 mea
1130 2179 1452 2241 propensa
1501 2162 1869 2245 voluntate,
1915 2164 2281 2226 amicissimi
2328 2165 2428 2227 ei-

228 2290 507 2370 demque
550 2292 927 2373 gnavissimi
972 2293 1238 2355 iuvenes
1284 2294 1736 2375 praestiterunt
1776 2295 2196 2356 Henricus
2231 2294 2429 2357 Kei-

223 2426 432 2505 lius,
481 2423 835 2487 Carolus
879 2425 1301 2505 Prienius,
1348 2424 1822 2507 Leopoldus
1871 2426 2429 2507 Schmidtius,

221 2560 282 2620 E
311 2577 353 2619 u
379 2578 427 2641 g
450 2577 486 2620 e
510 2578 547 2620 n
575 2559 592 2619 i
616 2577 655 2620 u
677 2576 712 2620 s
782 2559 846 2620 M
873 2580 910 2620 e
932 2557 1012 2620 hl
1039 2578 1075 2620 e
1098 2577 1128 2618 r
1152 2576 1187 2619 u
1212 2574 1247 2618 s
1310 2568 1376 2620 et
1431 2560 1744 2640 singulari
1812 2557 2181 2639 diligentiae
2237 2557 2425 2622 inde-

226 2697 474 2758 fessam
506 2693 877 2756 industriam
907 2710 1196 2774 aequans
1233 2693 1296 2754 Η
1323 2713 1359 2755 e
1379 2715 1422 2755 n
1446 2695 1511 2755 ri
1537 2713 1573 2756 c
1597 2713 1635 2754 u
1656 2710 1691 2754 s
1723 2693 1775 2754 B
1797 2711 1828 2753 r
1852 2711 1890 2753 u
1912 2711 1950 2752 u
1975 2691 2119 2753 niu
2142 2709 2215 2755 s:
2262 2708 2430 2771 quo-

217 2848 359 2892 rum
407 2826 658 2888 nomina
698 2845 822 2888 non
868 2826 1009 2887 sine
1054 2843 1289 2908 magna
1334 2844 1476 2888 mea
1522 2834 1587 2889 et
1618 2834 1685 2888 ut
1717 2834 1869 2908 puto
1899 2827 2109 2906 aliqua
2141 2827 2420 2908 ipsorum

219 2960 559 3042 voluptate
604 2963 920 3025 communi
961 2964 1307 3044 gratiarum
1335 2965 1593 3026 actione
1631 2963 2010 3025 consociata
2040 2980 2194 3025 esse
2223 2961 2425 3027 votui.

424 3121 604 3200 Quos
658 3131 870 3183 autem
929 3124 993 3183 in
1051 3120 1256 3183 Milite
1315 3123 1572 3203 saepius
1630 3140 1820 3204 quam
1882 3122 1942 3182 iu
2001 3121 2141 3183 aliis
2185 3120 2423 3183 fabulis

216 3256 288 3317 V
315 3275 358 3317 a
381 3262 402 3314 t
428 3255 444 3315 i
471 3271 507 3315 c
531 3273 569 3316 a
592 3273 633 3315 n
656 3272 693 3313 o
715 3273 749 3316 s
794 3254 1050 3318 codices
1095 3256 1306 3317 Iustus
1343 3254 1606 3334 Lipsius
1635 3251 2155 3315 commemoravit
2186 3251 2245 3310 in
2281 3250 2422 3311 An-

215 3389 535 3468 tiquarum
581 3386 919 3448 lectionum
969 3385 1180 3463 libris,
1245 3346 1310 3445 lii
1373 3384 1480 3465 qui
1546 3383 1672 3444 sint
1732 3380 2089 3463 praecipuis
2153 3378 2217 3439 in
2267 3379 2426 3441 loeis

213 3530 586 3610 singillatim
618 3528 939 3591 annotatio
972 3533 1187 3588 nostra
1219 3523 1428 3585 docet.
1474 3520 1667 3582 Vnde
1698 3519 2065 3603 intelligitur
2095 3526 2160 3581 et
2191 3518 2421 3581 leviter

212 3665 554 3743 inspectos
600 3671 664 3724 et
709 3680 924 3743 parum
971 3659 1305 3742 diligenter
1350 3655 1686 3719 distinctos
1738 3653 1945 3716 abillo
1982 3672 2132 3716 esse
2160 3653 2424 3716 codices

216 3789 557 3860 null.
646 3796 931 3874 Quorum
988 3790 1094 3858 11
1157 3794 1211 3854 is
1269 3802 1404 3876 est,
1467 3813 1504 3855 e
1547 3812 1673 3874 quo
1719 3810 1857 3854 cum
1904 3791 2214 3874 quaedam
2259 3791 2421 3851 satis

207 3926 563 4008 singularia
608 3935 672 3987 et
716 3945 757 3989 a
806 3926 1186 4008 reliquorum
1235 3926 1524 3988 codicum
1585 3925 1860 3986 omnium
1916 3927 2219 3985 memoria
2273 3919 2415 3982 dis-

207 4062 546 4138 crepantia
586 4058 840 4140 Lipsius
883 4057 1231 4137 attulisset,
1276 4057 1406 4118 tale
1452 4054 1789 4116 Vaticanis
1832 4053 1954 4115 illis
1999 4052 2261 4132 pretium
2315 4050 2419 4114 alii

202 4199 578 4255 statuerunt
643 4191 834 4273 quali,
898 4191 951 4253 si
1012 4211 1051 4254 a
1114 4187 1206 4253 l)
1273 4187 1673 4266 recesseris,
1740 4185 1990 4246 minimo
2035 4183 2204 4266 digni
2251 4193 2424 4248 sunt.

203 4323 458 4386 Contra
516 4341 680 4404 quos
736 4332 912 4388 recte
975 4324 1097 4386 iam
1155 4322 1516 4386 Salmasius
1572 4318 1727 4381 dixit
1783 4317 1955 4400 apud
2015 4316 2412 4384 Gronovium
