2824 4890
1883 374 1899 388 ’
1916 364 2361 436 cccxxvn

328 515 508 616 Ouio
543 538 789 604 Cliniae
832 541 936 602 ille
977 557 1205 603 seruos
1254 542 1728 624 tardiusculust,

321 675 576 739 Idcirco
618 677 769 738 huic
812 686 1032 739 nostro
1078 676 1375 740 traditast
1420 679 1813 758 prouincia:-

149 805 211 868 in
260 807 473 868 altero
515 824 554 867 a
599 805 868 868 librariis
911 806 1227 869 turbatum
1275 824 1428 869 esse
1471 807 1796 888 pristinum
1860 809 2190 874 verborum
2250 832 2357 874 or-

147 934 364 999 dinem
409 944 596 1015 puto:

313 1093 613 1155 Huiusce
656 1102 915 1173 propter
959 1094 1482 1157 consuetudinem
1533 1095 1970 1177 hospitae.'——

152 1224 223 1287 Ρ.
266 1242 407 1286 cm.
454 1237 1015 1289 commemoratum
1058 1234 1432 1305 potestatem
1475 1228 1529 1288 si
1564 1226 1751 1289 modo
1782 1236 2137 1309 correptam
2167 1238 2356 1290 ante-‘-

139 1357 608 1438 paenultimam
639 1356 827 1438 Capt.
853 1375 921 1433 v,
948 1357 1004 1433 1,
1034 1355 1110 1420 13
1150 1357 1404 1438 habeat,
1450 1357 1511 1420 id
1555 1366 1794 1421 tantum
1837 1358 2005 1422 absit
2046 1368 2117 1422 ut
2157 1379 2355 1424 ever-

139 1499 235 1553 tat
281 1493 540 1573 legem,
605 1499 676 1553 ut
734 1489 1067 1553 confirmet
1112 1494 1356 1572 potius:
1425 1491 1677 1570 quando
1740 1492 1971 1554 usitata
2029 1493 2089 1555 in
2141 1492 2359 1572 μοιδεῖ

137 1622 643 1704 licentiapotnit
693 1620 775 1686 ad
820 1629 1159 1702 cognatam
1216 1621 1604 1683 substantivi
1661 1621 1924 1686 formam
1978 1624 2350 1690 transferri:

139 1759 439 1819 similiter
486 1765 682 1837 atque
722 1775 761 1819 a
800 1776 1034 1818 manua
1077 1753 1164 1817 ad
1209 1760 1524 1820 minister.
1622 1756 1998 1839 Quanquam
2057 1777 2184 1840 ego
2229 1780 2352 1823 non

136 1888 260 1950 hoc
317 1885 590 1948 artificio
646 1893 785 1947 utar
842 1886 1088 1966 potius,
1143 1903 1328 1966 quam
1384 1894 1494 1949 aut
1548 1905 1694 1950 cnm
1756 1888 1899 1949 aliis
1956 1889 2165 1951 eiecto
2208 1910 2346 1952 eam

142 2013 518 2099 pronomine
559 2012 1010 2076 sic-scribunt
2034 1998 2048 2010 ⁸

311 2171 540 2255 Pater,
597 2180 665 2234 et
718 2173 1001 2255 poteris,
1079 2171 1145 2235 et
1208 2193 1336 2257 ego
1395 2183 1654 2255 poteret
1714 2184 1781 2237 et
1838 2172 1904 2236 di
1958 2175 2341 2257 potestatem

1467 2334 1726 2412 dabunt,

138 2497 251 2554 aut
314 2496 652 2553 servatum
714 2490 811 2553 sic
868 2499 1273 2572 transponam
1344 2493 1416 2551 di
1472 2499 1844 2570 potestatem
1885 2513 2023 2554 eam
2070 2497 2328 2556 dabunt.

126 2623 232 2686 Ac
274 2623 567 2686 sortasse
606 2624 1012 2686 substantiva
1057 2624 1159 2685 illa
1211 2624 1272 2685 in
1316 2632 1492 2684 estas
1535 2623 1836 2684 exeuntia
1879 2623 2085 2684 omnia
2129 2644 2165 2683 e
2208 2643 2336 2685 vo-

127 2756 335 2818 calem
384 2753 735 2817 habuerunt
776 2762 1000 2816 natura
1045 2752 1329 2834 longam,
1374 2750 1439 2812 id
1486 2750 1653 2833 quod
1704 2752 1762 2812 in
1807 2760 2059 2829 eyestae
2100 2773 2326 2839 nornen

128 2893 375 2956 eadere
429 2897 592 2956 satis
646 2891 1038 2974 persuadent
1092 2911 1277 2970 eqere
1321 2911 1564 2969 cycnus
1608 2890 1867 2953 formae.
1914 2923 1993 2938 —-
2043 2890 2113 2952 Ρ.
2160 2908 2335 2954 cmv.

127 3027 451 3091 defensae
505 3029 655 3089 dum
709 3029 958 3108 quidem
1016 3026 1460 3107 particularum
1521 3044 1863 3087 mensurae
1916 3034 2168 3106 praeter
2211 3025 2334 3090 alia

124 3155 299 3219 haec
345 3160 825 3237 patrocinantur
871 3154 1105 3215 Bacch.
1151 3173 1219 3229 11,
1261 3155 1322 3230 2,
1362 3155 1464 3215 48.
1506 3173 1575 3230 ιι,
1615 3154 1676 3231 3,
1724 3155 1882 3217 122ε

298 3312 472 3373 Dum
521 3309 774 3390 quidem
817 3306 945 3371 hoc
994 3308 1231 3370 ualebit
1272 3307 1500 3389 pectus
1544 3293 1807 3390 pertidia
1849 3328 2087 3371 meum:

296 3442 382 3504 si
423 3439 674 3524 quidem
718 3437 826 3503 hic
864 3441 1177 3522 relinquet
1221 3437 1344 3501 nec
1382 3457 1602 3501 seeum
1647 3438 1924 3501 abducet
1970 3460 2207 3506 senex:

124 3621 410 3687 quornm
449 3610 671 3665 neutro
703 3601 914 3665 deleto
946 3602 1311 3683 pronomine
1341 3619 1502 3683 opus
1530 3609 1782 3664 erate-
1845 3604 1919 3665 P.
1964 3620 2243 3668 cnxvm.
2270 3601 2333 3667 in

122 3736 388 3819 Epidici
407 3755 599 3800 versu
623 3754 698 3816 v,
718 3736 785 3819 2,
805 3735 1139 3800 38excidit
1162 3757 1302 3814 eqo:
1327 3737 1539 3801 Dedin
1555 3738 1668 3797 tibi
1685 3754 1799 3813 eqo
1812 3741 2020 3797 minas
2036 3739 2334 3812 triginta:

118 3890 352 3951 parum
381 3868 546 3931 enim
565 3869 1026 3948 probabilitatis
1044 3867 1398 3930 habiturum
1432 3868 1520 3930 sit
1541 3887 1623 3930 ex
1645 3869 1851 3940 dediti,
1874 3884 1985 3947 pro
2003 3866 2334 3945 quodiam

121 4003 203 4081 Β,
250 3999 564 4062 effectum
604 4001 849 4062 decline.
893 4029 974 4043 -
1019 4000 1092 4061 Ρ.
1137 4016 1454 4063 cnxxvni.
1501 3998 1732 4059 oblitus
1772 4013 1912 4057 sum
1958 4011 2080 4056 non
2125 3994 2330 4053 minus

121 4153 322 4216 quam
390 4137 634 4194 minor
688 4139 1061 4214 suspectum
1118 4149 1346 4193 nomen
1387 4133 1681 4191 eminentie
1728 4127 1809 4189 de
1852 4124 2071 4187 medio]
2110 4122 2331 4186 tollere
2382 4148 2387 4153 ·

125 4271 308 4354 Capt
353 4285 450 4349 tv,
492 4270 704 4351 2519:
766 4270 933 4352 quod
977 4271 1106 4333 hnc
1133 4262 1512 4350 corrigendo
1545 4271 1644 4326 est
1673 4261 1939 4342 illatum,
1991 4269 2328 4342 postquam
