2824 4890
499 348 718 414 CXV!

500 535 560 596 in
604 527 1133 614 prosodiacis
1193 520 1671 607 persequendis.
1758 521 1859 583 Ac
1900 481 2204 583 metricae
2246 515 2709 599 prosodiacae-

500 689 626 753 que
670 669 827 731 artis
877 666 1207 729 Plautinae
1249 667 1592 726 universae
1635 678 1824 741 quam
1874 667 1936 721 et
1980 656 2183 720 debeo
2239 619 2590 718 lectoribus
2642 663 2711 718 et

506 803 741 870 dudum
790 803 1014 885 paravi
1055 801 1291 864 iustam
1336 798 1715 881 plenamque
1774 795 2269 871 enarrationem,
2330 800 2468 856 tum
2526 789 2714 854 edam

501 954 643 1001 cum
688 934 932 1016 aliquot
974 932 1326 995 fabularum
1373 927 1875 992 emendationem
1920 926 2296 988 absolvero:
2341 943 2378 986 a
2407 945 2533 1007 quo
2560 934 2714 987 tan-

502 1085 693 1149 quam
763 1064 1175 1129 fundamento
1240 1061 1566 1145 profectus
1638 1061 2109 1125 molestissimis
2170 1059 2250 1122 de
2314 1059 2710 1143 singulorum

499 1202 782 1265 locorum
825 1200 1143 1280 scriptura
1187 1197 1717 1281 disputationibus
1758 1197 2228 1279 supersedebo,
2290 1199 2432 1261 sine
2479 1197 2713 1279 quibus

504 1351 676 1396 nunc
731 1331 1071 1395 illiusmodi
1128 1331 1273 1394 nihil
1340 1332 1597 1395 tractari
1662 1339 1875 1414 queat.
1960 1334 2188 1414 Itaque
2240 1331 2304 1392 in
2346 1330 2717 1411 praesentia

506 1476 573 1533 et
617 1467 828 1548 capita
887 1475 1129 1530 tantum
1181 1466 1272 1529 rei
1332 1466 1752 1548 perstringam
1810 1474 1876 1529 et
1919 1466 2263 1529 Trinummi
2307 1466 2713 1548 potissimum

504 1600 734 1665 finibus
774 1620 878 1664 me
919 1599 1278 1665 continebo.
1368 1598 1614 1678 Quodsi
1657 1620 1914 1682 operam
1944 1620 2148 1664 meam
2193 1619 2446 1665 omnem
2490 1620 2713 1665 eorum

508 1736 659 1799 volo
713 1733 850 1827 rudi
893 1735 1154 1796 inertiae
1197 1733 1554 1815 oppositam
1598 1752 1747 1797 esse
1795 1735 1899 1817 qui
1924 1779 1943 1816 ‚
2011 1746 2077 1797 ut
2120 1735 2471 1798 Hermanni
2513 1737 2716 1799 verba

508 1887 654 1932 mea
706 1866 983 1948 faciam,
1048 1865 1395 1928 devoratas
1448 1883 1591 1928 cum
1653 1868 1818 1932 omni
1876 1869 2193 1950 squallore
2234 1887 2459 1932 sacras
2504 1890 2718 1933 mem-

509 1999 742 2061 branas
785 2005 850 2058 et
888 2012 1200 2077 procusos
1243 1996 1324 2058 ab
1366 2013 1522 2058 sese
1565 1997 1986 2080 confragosos
2032 2018 2328 2062 numeros
2369 2004 2515 2062 sine
2561 2019 2716 2063 cru-

512 2132 711 2197 ditate
771 2140 1215 2213 concoquunt:
1289 2133 1425 2196 eius
1487 2135 1579 2196 rei
1641 2153 1804 2217 quas
1860 2137 2138 2200 rationes
2194 2136 2503 2217 habeam,
2574 2156 2719 2202 cum

511 2292 706 2356 supra
752 2271 1118 2356 significavi
1162 2270 1375 2354 capite
1418 2288 1558 2354 vn,
1599 2281 1733 2336 tum
1779 2273 1921 2335 olim
1967 2276 2029 2336 in
2076 2276 2346 2356 epistula
2387 2274 2497 2336 illa
2555 2278 2714 2338 Me-

513 2401 865 2466 diolanensi
906 2400 1250 2484 explicavi,
1298 2408 1427 2463 tum
1473 2403 1684 2483 paullo
1730 2403 1987 2467 uberius
2031 2404 2126 2467 eis
2153 2415 2536 2488 persecutus
2577 2424 2720 2472 sim

512 2539 740 2622 quibus
784 2546 850 2600 et
892 2538 1111 2620 legere
1158 2543 1224 2598 et
1267 2553 1500 2599 versus
1544 2534 1859 2599 scandere
1902 2538 2288 2602 nescientem
2321 2545 2551 2604 nescio
2595 2561 2717 2624 quo

512 2691 831 2737 successu
874 2689 1079 2753 nuper
1123 2678 1394 2734 conatus
1454 2687 1596 2731 sum
1649 2668 1872 2753 legere
1918 2677 1982 2732 et
2026 2670 2340 2735 scandere
2380 2669 2619 2736 docere
2665 2674 2721 2736 iu

512 2807 744 2870 Museo
789 2812 1006 2866 nostro
1053 2802 1462 2884 philologico.
1549 2801 1630 2863 Et
1673 2801 1734 2862 in
1782 2801 2071 2864 librorum
2118 2802 2369 2884 quidem
2397 2822 2559 2871 mss.
2597 2806 2721 2869 fide

514 2937 618 3019 qui
668 2933 861 2997 fldem
901 2933 1156 2996 'omnem
1202 2940 1545 2996 metrorum
1600 2949 1749 2995 esse
1793 2933 2134 3014 repositam
2179 2935 2440 3015 volunt,
2498 2956 2719 3000 eorum

514 3065 676 3127 satis
719 3062 1011 3127 demirari
1079 3081 1217 3124 cum
1274 3062 1534 3144 ignavia
1596 3026 1997 3125 coniunctam
2058 3065 2556 3130 inconstantiam
2602 3085 2719 3130 non

513 3214 885 3282 possumus:
930 3194 1034 3278 qui
1079 3213 1202 3275 quo
1251 3194 1505 3258 tandem
1552 3203 1928 3278 argumento
1955 3194 2105 3256 illud
2131 3196 2504 3279 defendent,
2553 3197 2722 3282 quod

511 3349 636 3394 non
706 3329 892 3393 etiam
958 3326 1250 3391 senarios
1308 3328 1600 3408 potuisse
1663 3328 1873 3410 quinis
1931 3327 2039 3389 vel
2104 3332 2392 3411 septenis
2451 3332 2717 3414 pedibus
2779 3380 2780 3385 η

514 3460 809 3542 componi
865 3455 1269 3521 crediderunt
1314 3462 1406 3529 (e.
1452 3474 1507 3519 c.
1553 3458 1758 3541 quinis
1804 3478 1865 3520 v.
1905 3457 2032 3519 752
2091 3459 2298 3540 ipsius
2341 3460 2508 3524 adeo
2558 3465 2718 3526 Am·
2779 3532 2780 3543 2

449 3606 455 3613 ·
515 3590 784 3654 brosiani
829 3588 1292 3664 auctoritate)?
1351 3589 1462 3653 vel
1511 3591 1864 3655 molossum
1906 3611 2019 3674 pro
2062 3592 2426 3675 pyrrhichio
2470 3596 2623 3675 poni
2655 3602 2720 3655 et
2779 3604 2780 3635 ³

513 3725 953 3807 monosyllaba
997 3725 1311 3789 vocabula
1354 3744 1469 3808 pro
1516 3725 2102 3808 proceleusmaticis
2126 3720 2163 3787 2
2204 3727 2310 3787 vel
2342 3734 2410 3788 ut
2439 3725 2524 3789 ad
2557 3721 2718 3789 aliud

2777 3750 2780 3831 l

510 3881 722 3948 genus
765 3861 988 3925 eadem
1032 3862 1433 3926 ratiocinatio
1479 3860 1992 3927 accommodetur
2018 3906 2037 3942 ,
2088 3863 2442 3946 genitivum
2486 3860 2719 3926 ablati·
2775 3888 2780 3931 Δ

511 4015 750 4061 vumve
813 3995 962 4078 poni
1014 4013 1127 4076 pro
1188 3990 1638 4058 nominativo?
1695 3994 1803 4057 vel
1871 3993 2134 4074 primam
2202 4013 2545 4076 personam
2610 4011 2719 4077 pro

512 4128 797 4192 secunda
841 4124 1167 4193 tertiave?
1225 4124 1479 4208 quando
1544 4127 1764 4190 talium
1813 4127 1959 4190 nihil
2000 4136 2103 4190 est
2144 4126 2316 4208 quod
2359 4146 2485 4190 non
2530 4142 2715 4208 aper·-

514 4259 779 4325 tissimis
835 4259 1119 4325 codicum
1178 4258 1559 4324 testimoniis
1617 4259 1871 4325 nitatur.
1955 4257 2221 4325 Scilicet
2276 4262 2344 4323 in
2386 4260 2528 4343 ipso
2573 4269 2714 4323 tan-

2773 3984 2780 4025 t

2777 4174 2780 4191 t
