2824 4890
2064 383 2282 450 chxl

165 547 457 610 octonarios
503 549 1116 634 anapaesticosque,
1191 555 1488 619 continuo
1546 559 1818 625 offensio
1874 568 2075 627 omnis
2137 568 2280 632 talis

160 680 419 759 synizesis
448 681 743 745 dilabitur.
795 685 1112 766 Vitiosum
1148 699 1284 751 erat
1319 688 1383 751 in
1415 694 1673 756 senario
1699 692 1827 758 658
1856 693 1979 758 o'tio
2003 701 2275 776 odptua:

153 807 495 886 spondiacam
554 832 913 876 mensuram
977 834 1060 877 ne
1118 817 1221 879 ubi
1278 826 1579 898 potuerat
1624 825 1877 904 quidem
1924 841 2117 910 poeta
2158 832 2280 896 de-

152 920 365 1017 lugit‘in
405 949 721 1007 octonario
763 945 891 1034 838
933 945 1058 1010 o'lio
1080 953 1239 1013 deire
1261 973 1374 1017 me.
1422 956 1766 1039 Nunq‘uam
1813 980 1927 1041 per
1969 964 2276 1045 reliquam

148 1068 367 1133 fabulam
426 1072 728 1156 bisyllaba
785 1087 934 1139 sunt
982 1084 1369 1165 ,qa-adium
1426 1090 1725 1162 qaudio
1771 1095 2040 1172 filius
2087 1101 2276 1177 sili-

138 1728 450 1810 vulgabatur
493 1756 552 1800 v.
611 1737 799 1802 1156.

326 1876 539 1945 Filiam
588 1901 796 1946 meam
849 1885 956 1946 tibi
1002 1851 1464 1971 desponsatam
1512 1917 1662 1962 esse
1706 1901 1914 1968 addin.
2003 1909 2148 1972 Nisi
2196 1909 2262 1974 tri

1386 2031 1590 2094 neuis.

123 2160 436 2233 Certissima
477 2174 650 2237 haec
694 2174 836 2238 lex:
900 2195 1090 2257 quam
1150 2196 1293 2242 cum
1340 2182 1627 2264 reliquae
1670 2185 1922 2253 fabulae
1967 2209 2267 2275 compro-

121 2290 242 2355 bant
287 2308 397 2363 tum
444 2304 849 2386 Bacchides,
901 2307 1087 2368 cuius
1133 2309 1279 2371 item
1327 2311 1467 2374 sola
1511 2320 1921 2396 anapaestica
1967 2327 2264 2386 multitu-

115 2425 281 2495 dinem
332 2435 787 2519 bisyllabarum
851 2440 1189 2505 formarum
1257 2447 1599 2525 praebent:
1659 2453 1793 2529 filio
1842 2454 2014 2530 filios
2059 2456 2266 2533 filium

105 2560 210 2635 flle’o
236 2567 343 2643 filii
372 2572 525 2648 filiis
570 2591 640 2631 v.
691 2572 868 2634 1125.
901 2573 1078 2637 1129.
1112 2574 1288 2637 1136.
1322 2577 1501 2640 1159.
1532 2580 1706 2642 1165.
1739 2579 1901 2643 1167
1923 2582 2021 2644 ed.
2044 2586 2264 2647 Herm.

108 2691 462 2766 Vsitatiorum
505 2714 725 2767 autem
772 2713 1113 2768 metrorum
1161 2716 1402 2771 tantam
1450 2721 1749 2791 quantam
1806 2713 2083 2779 diximus
2146 2736 2263 2780 se·-

107 2829 392 2895 veritatem
437 2854 589 2899 esse
636 2836 856 2897 mirum
899 2845 1000 2897 est
1038 2857 1116 2898 ne
1162 2854 1276 2899 eos
1323 2840 1575 2920 quidem
1620 2845 1784 2907 satis
1830 2851 2266 2931 perspexisse,

101 2963 186 3035 qui
235 2972 390 3029 tanto
445 2969 929 3032 demonstrandi
986 2981 1297 3052 apparatu
1356 2977 1461 3035 usi
1522 2985 1676 3037 sunt
1735 2996 1861 3058 quo
1917 2987 2128 3056 qratia
2196 2990 2262 3043 et

102 3092 331 3170 ingrana
379 3104 622 3167 formas
679 3122 718 3164 a
775 3104 1007 3165 Plauto
1066 3104 1500 3167 abiudicarent
1558 3110 1937 3172 rectissime.
2036 3114 2159 3190 Qui
2207 3117 2262 3176 si

98 3240 159 3282 ne
194 3227 338 3293 haec
378 3238 634 3317 quidem
682 3236 963 3314 admisit,
1008 3239 1068 3298 in
1102 3237 1330 3318 quibus
1376 3208 1726 3303 contractio
1771 3247 2087 3306 constanti
2133 3266 2258 3325 po-

87 3356 333 3423 sterioris
371 3371 611 3427 aetatis
658 3386 778 3428 usu
827 3368 1094 3448 probata
1138 3370 1278 3449 ipsa
1322 3372 1638 3434 scribendi
1683 3374 1885 3436 forma
1936 3378 2259 3456 exprime-

90 3496 264 3573 retur,
313 3498 506 3559 multo
553 3499 764 3560 minus
834 3500 1138 3563 credibile
1180 3500 1383 3564 videri
1429 3502 1740 3568 debuerat
1785 3507 1946 3567 binis
1989 3511 2256 3590 syllabis

83 3618 146 3678 ab
171 3622 261 3685 illo
295 3633 555 3703 gaudiis
601 3639 667 3693 et
702 3635 864 3712 filiis
904 3633 1074 3695 elata
1120 3652 1287 3695 esse.
1378 3635 1679 3700 Ceterum
1724 3659 1848 3703 non
1893 3662 2255 3728 repugnare

83 3758 458 3853 genitivorum
516 3782 678 3824 vere
729 3774 1193 3828 contractorum
1249 3770 1581 3851 exempla,
1646 3781 1716 3834 ut
1772 3777 2095 3837 eluctatum
2142 3798 2256 3858 pro

83 3886 381 3955 cluentium
429 3897 608 3958 Men.
657 3914 748 3970 lv,
798 3899 863 3980 2,
909 3898 974 3978 6,
1021 3872 1234 3981 quivis
1277 3905 1618 3985 perspicit,
1683 3907 1801 3968 nisi
1864 3913 1973 3989 qui
2019 3931 2100 3971 ex
2145 3932 2251 3993 eo,

83 4021 769 4110 quodetiamjcelatum
819 4033 1106 4113 genitivo
1166 4041 1231 4094 et
1275 4037 1460 4096 deum
1504 4037 1776 4099 Plautus
1825 4058 1983 4102 usus
1997 4085 2018 4122 ,
2091 4060 2254 4105 con-

83 4148 249 4216 :ludat
288 4157 715 4237 {celatorum
759 4171 823 4225 et
864 4166 1191 4227 deornm
1236 4166 1480 4228 formas
1526 4168 1612 4229 ita
1661 4173 2254 4247 pronuntiatas

83 4296 192 4349 esse
235 4300 298 4353 ut
339 4301 471 4356 tres
516 4303 759 4358 tantum
792 4304 856 4358 et
891 4296 1057 4360 duae
1084 4297 1373 4379 syllabae
1407 4298 1785 4362 audirentur.
1875 4303 2247 4389 Quanquam

198 4432 323 4474 mnu
350 4436 471 4477 Com.
504 4438 544 4477 Ι.
578 4440 612 4481 1.
642 4440 756 4480 trin.
1802 4450 1843 4495 Ia
