2824 4890
443 342 846 407 Gelam

459 524 656 590 Vnde
696 524 822 589 etsi
867 534 1151 607 poteram
1196 523 1388 586 etiam
1433 523 1610 601 clepo
1660 521 1726 583 in
1768 522 2118 585 Trinumml
2168 537 2441 584 versum·
2486 522 2664 588 asci-

456 674 679 721 score:
722 655 883 734 ripe
925 655 1105 733 depe
1143 656 1333 716 trahe
1372 653 1535 734 friqo
1574 656 1740 726 late,
1800 661 2017 717 tamen
2057 653 2207 717 lllud
2247 673 2360 718 cur
2400 663 2667 736 praetu-

458 789 636 856 lerim
679 787 993 851 neminem
1036 787 1263 869 fugere
1304 784 1590 850 arbitror.

631 916 1067 999 Posteaquam
1105 916 1348 997 dactyli
1390 919 1456 979 ln
1499 915 1844 979 trochaicis
1881 933 2070 979 usum
2107 917 2209 980 sic
2244 916 2336 979 uti
2376 916 2509 980 feci
2544 938 2669 981 ex-

463 1047 730 1128 plicavi,
793 1055 859 1109 et
916 1046 1165 1126 planius
1206 1055 1273 1107 et
1315 1047 1564 1126 plenius
1610 1056 2018 1127 perspectum
2074 1046 2145 1109 iri
2190 1056 2345 1129 puto
2380 1067 2555 1130 quae
2590 1049 2671 1112 de

467 1179 904 1259 anapaesti
966 1183 1029 1240 in
1091 1178 1472 1242 iambicis
1528 1197 1651 1241 usu
1714 1176 1984 1242 dic‘euda
2044 1189 2307 1243 restant.
2410 1180 2672 1244 Rursus

467 1316 682 1369 autem
749 1308 877 1371 hac
940 1326 1193 1390 quoque
1261 1328 1330 1370 re
1393 1309 1658 1372 mirifice
1722 1311 2114 1391 comprobari
2178 1308 2671 1391 confirmarique

467 1440 869 1521 cognationis
911 1439 1218 1512 rationem
1263 1438 1430 1502 illam
1471 1441 1754 1519 senties,
1808 1459 1999 1522 quam
2045 1459 2187 1521 cap.
2229 1457 2347 1503 xv.
2392 1440 2668 1503 demon-

463 1572 669 1635 stravi
711 1573 874 1635 inter
911 1573 1252 1638 iambicum
1295 1574 1612 1636 serrarium
1659 1573 2217 1654 septenariumque
2271 1571 2667 1636 trochaicum

467 1703 888 1770 intercedere.
974 1703 1288 1767 Abscisso
1334 1703 1500 1768 enim
1546 1704 1894 1783 septenarii
1935 1703 2175 1784 capite,
2217 1701 2388 1784 quod
2433 1705 2668 1768 cretico

472 1843 871 1917 continetur,
916 1857 1083 1920 quae
1127 1839 1500 1921 relinquitur
1545 1858 1695 1921 pars
1732 1842 2049 1903 senarium
2095 1858 2415 1923 aequans,
2459 1841 2525 1903 iu
2569 1859 2667 1922 ea,

471 1988 638 2051 quae
683 1970 971 2052 legitima
1014 1988 1363 2033 caesura
1424 1973 1766 2052 septenarii
1826 1972 1983 2054 fult,
2042 1973 2323 2055 legitima
2364 1973 2440 2035 fit
2483 1994 2672 2056 pen-

473 2104 554 2167 th
574 2123 611 2164 e
630 2109 800 2167 mim
819 2125 856 2165 e
875 2123 1003 2166 res
1044 2106 1380 2184 senarii,
1409 2107 1563 2168 item
1598 2126 1762 2187 quae
1787 2106 2099 2187 bisyllaba
2126 2107 2330 2170 thesis
2354 2107 2420 2168 in
2445 2114 2673 2186 quarto

478 2237 643 2319 pede
685 2240 1061 2320 septenarii,
1125 2240 1445 2321 bisyllaba
1488 2245 1827 2304 anacrusis
1866 2244 1927 2304 in
1980 2244 2166 2305 tertio
2206 2243 2445 2304 senarii
2491 2240 2670 2322 pede.
2724 2321 2735 2322 ἶ

478 2376 671 2458 Quod
718 2378 970 2461 quidem
1015 2379 1162 2441 licet
1203 2379 1327 2440 hac
1367 2380 1577 2463 figura
1618 2377 1984 2443 declararet

1397 2546 1459 2560 ⁸-
1484 2542 1529 2565 ψ
1551 2537 1605 2561 υ

858 2567 1112 2612 -έ-υ-
1151 2566 1481 2612 υ-Ὴ-υ-
1514 2586 1578 2616 ψ
1617 2541 2257 2643 ι-ἶ-υ-υέ-.υ.--

1495 2668 1732 2767 θυι-’.-

1151 2734 1474 2762 υ--υ-
1525 2730 1590 2759 υ
1650 2724 2254 2764 A-u—v--u—

485 2862 844 2943 Legitimae
884 2875 1097 2925 autem
1143 2881 1573 2944 caesurae,
1634 2872 1700 2925 ut
1757 2862 1907 2927 hino
1948 2861 2190 2942 ordiar,
2256 2861 2675 2942 quemadmo-

485 2991 629 3054 dum
697 2994 973 3056 vicarias
1038 2998 1442 3078 septenarius
1513 3014 1629 3059 eas
1694 2994 1927 3060 ascivit
1941 2998 1992 3078 ,⁸
2042 3011 2205 3078 quae
2272 2993 2354 3055 ab
2407 3002 2679 3076 utraque
2750 2965 2764 2978 ⁶

478 3133 663 3207 parte
718 3127 964 3192 vicinas
1029 3129 1111 3192 illi
1167 3127 1364 3191 sodes
1421 3135 1843 3213 occuparent,
1906 3131 1993 3190 ita
2053 3125 2319 3191 eandem
2365 3130 2678 3189 rationem

479 3257 777 3321 senarius
815 3275 964 3321 cum
1012 3259 1227 3342 aliquo
1289 3269 1790 3343 temperamento
1841 3270 2104 3324 secutus
2165 3268 2304 3341 est,
2360 3259 2540 3342 qnod
2592 3279 2676 3327 cx

481 3392 620 3473 ipsa
662 3390 1036 3454 diversitate
1081 3358 1407 3476 utriusque
1452 3411 1687 3456 versus
1745 3392 2207 3457 consectarium
2262 3390 2403 3455 fuit.
2507 3392 2677 3454 Nam

481 3541 624 3585 cnm
668 3533 815 3586 ante
855 3527 1367 3609 semiquinariam
1426 3528 1574 3590 nibil
1630 3528 1964 3610 impediret
2015 3528 2352 3610 quominus
2406 3542 2681 3590 caesura

486 3663 669 3739 post
711 3656 1159 3722 secundum
1206 3660 1546 3725 iambum
1591 3658 1801 3726 lieret:

481 3983 694 4038 tamen
754 3974 924 4037 idem
978 3993 1099 4038 una
1152 3984 1300 4058 post
1357 3977 1531 4038 illam
1590 3977 1840 4059 syllaba
1900 3977 2038 4039 fleri
2081 3976 2241 4037 ratio
2293 3972 2507 4036 vetuit
2559 3991 2684 4055 qus

481 4120 896 4169 caesurarum
940 4106 1347 4170 stichicarnm
1392 4107 1575 4186 (nam
1624 4107 1705 4170 de
1747 4106 1995 4190 podicis
2037 4122 2205 4169 nunc
2246 4123 2371 4167 non
2419 4103 2684 4188 loquor)

480 4232 833 4299 institutum
862 4256 1048 4300 omne
1073 4237 1334 4312 regitur.
1378 4235 1630 4311 Quibus
1657 4258 1800 4304 cum
1844 4239 1908 4303 id
1950 4238 2257 4322 consequi
2298 4255 2410 4300 ars
2457 4237 2683 4317 vellet,
