2824 4890
467 364 875 431 CCCXXVI

474 553 744 620 nitivnm
817 546 1055 628 primae
1118 539 1586 615 declinationis,
1665 536 1731 599 id
1791 554 1875 597 ne
1937 534 2080 616 quis
2138 528 2686 595 inconsideratius

473 687 708 750 ieetum
752 681 1112 760 existimet,
1162 676 1245 741 de
1301 682 1597 758 quattuor
1659 671 1857 742 loeis,
1917 666 2144 750 quibus
2187 665 2357 727 illam
2401 662 2711 724 formem·

477 818 806 882 Bentleius
851 813 1082 893 intulit,
1139 810 1360 891 paucis
1404 807 1500 869 sic
1543 804 1793 867 habeto.
1863 801 1965 862 Ac
2004 798 2298 861 vitiosam
2346 793 2684 857 elisionem

473 947 834 1015 Phaedria&
865 946 1225 1008 ostenderet
1248 943 1307 1003 in
1335 940 1595 1003 Phorm.
1620 952 1716 1014 iv,
1735 936 1800 1011 ²,
1828 932 1871 994 7
1897 931 2203 1014 probabili
2233 947 2435 1010 nuper
2454 944 2687 990 emen-

477 1082 733 1148 detioue
773 1078 1228 1142 Lacbmeuuus
1269 1070 1556 1134 sustulit:

641 1214 773 1276 Vbi
817 1206 1174 1275 Phaedriae
1214 1222 1365 1268 esse
1415 1198 1783 1265 ostenderet
1822 1194 2012 1259 nihilo
2055 1194 2259 1257 miuus

645 1345 938 1407 Amicum
981 1356 1133 1403 sese
1175 1333 1363 1420 quem
1409 1328 1774 1413 Antiphoni.

485 1479 768 1541 Permiro
823 1482 1037 1537 autem
1092 1472 1451 1534 commento
1503 1464 1564 1526 in
1623 1462 1967 1562 Heautont.
2011 1474 2088 1538 V,
2120 1455 2187 1539 1,
2215 1454 2304 1518 20
2348 1455 2687 1518 Bentleius

485 1629 568 1676 ne
608 1607 882 1688 sponsa&
934 1596 1251 1687 quidem‚'
1284 1597 1402 1663 sed
1447 1597 1654 1679 ipsum
1698 1597 1976 1673 οροηεαέ
2016 1590 2215 1651 voluit
2255 1596 2410 1650 ante
2453 1605 2687 1649 aaran

490 1740 888 1824 trisyllabum
947 1754 1119 1800 esse.
1216 1731 1389 1794 Nihil
1437 1733 1779 1811 quicquam
1839 1724 2174 1788 molestiae
2230 1730 2333 1785 est
2374 1721 2440 1783 in
2484 1719 2691 1784 trela-

491 1873 641 1937 tieia
680 1871 1023 1951 scriptura:

659 2002 956 2082 Sponsae
998 2005 1269 2078 uestem,
1312 2011 1540 2058 aurum
1583 1998 1779 2074 atque
1819 1990 2086 2053 ancillas
2127 2004 2290 2067 opus
2331 2003 2528 2049 esse:
2568 2003 2675 2047 er·

1838 2130 2099 2207 gentum
2145 2127 2215 2182 ut
2258 2116 2469 2180 dares.

497 2272 667 2334 Nam
714 2266 885 2350 quod
933 2266 1033 2330 ille
1077 2280 1340 2347 prorsus
1380 2261 1784 2323 invenustum
1826 2254 2005 2334 dixit,
2054 2270 2285 2314 aarum
2327 2248 2383 2310 si
2427 2249 2514 2309 sit
2552 2248 2690 2308 sine

497 2408 791 2475 accentu,
831 2401 895 2460 in
935 2415 1015 2460 eo
1058 2393 1285 2481 nimius
1329 2389 1464 2453 fuit.
1547 2387 1819 2451 Primum
1874 2383 2037 2447 enim
2096 2381 2155 2443 in
2213 2377 2688 2442 enumeratione

497 2541 624 2597 tem
671 2530 968 2594 similium
1013 2545 1218 2591 rerum
1264 2540 1390 2585 non
1433 2528 1535 2584 est
1573 2517 1859 2599 profecto
1901 2514 2033 2577 nuri
2071 2514 2473 2594 potissimum
2519 2508 2688 2572 notio

498 2667 839 2748 praecipua
896 2661 965 2723 vi
999 2661 1152 2726 „ulla
1206 2656 1563 2721 sententiae
1627 2651 1911 2736 insignis.
1990 2647 2239 2713 Deinde
2280 2654 2494 2709 autem
2546 2644 2690 2706 ubi-

501 2812 749 2876 cunque
804 2802 950 2875 post
1007 2791 1281 2874 aliquem
1340 2790 1912 2871 interpunctionem
1968 2793 2035 2846 et
2080 2782 2374 2865 quamvis
2429 2779 2690 2843 brevem

507 2922 949 3008 pronuntiandi
985 2939 1247 3004 pausem
1291 2939 1427 2983 vox
1454 2918 1534 2982 de
1577 2922 1828 3004 integro
1871 2917 2133 2998 orditur,
2180 2932 2264 2976 ne
2306 2919 2524 2994 potest
2548 2911 2689 2995 qui-

510 3053 654 3118 clem
709 3052 772 3115 id
806 3051 1209 3131 vocabulum,
1251 3068 1292 3113 a
1333 3068 1457 3131 quo
1487 3049 1749 3129 orditur,
1788 3065 2051 3131 prorsus
2079 3044 2458 3109 delitescere
2480 3061 2688 3125 quan·

509 3206 699 3274 quam
747 3187 806 3249 in
850 3186 1014 3250 thesi
1057 3185 1352 3268 positum.
1439 3184 1591 3245 Non
1634 3185 1844 3264 magis
1886 3180 2078 3263 igitur
2124 3187 2192 3240 ut
2213 3178 2381 3239 omni
2424 3183 2693 3239 accentu

504 3318 877 3384 destitutum
931 3323 996 3382 in
1048 3320 1155 3382 illo
1200 3335 1431 3381 versus
1476 3317 1620 3379 loco
1665 3333 1895 3377 aarum
1928 3312 2319 3395 percipitur,
2385 3328 2577 3392 quam
2613 3307 2688 3370 ab

503 3451 681 3513 initio
713 3468 947 3513 versus
994 3449 1375 3512 collocatum
1408 3447 1673 3527 Aurum?
1709 3453 1897 3526 atque
1937 3444 2233 3505 annales.
2320 3438 2512 3518 Quod
2552 3440 2691 3501 volo

506 3580 718 3659 eapite
762 3597 896 3642 xv1.
941 3578 1280 3662 disputetis
1317 3576 1484 3642 addi.
1568 3576 1920 3640 Duobusne
1963 3576 2151 3658 igitur
2192 3573 2347 3636 solis
2382 3571 2691 3655 exemplis

507 3712 746 3775 Heaut.
787 3731 884 3793 ιιι,
925 3712 989 3790 2,
1034 3714 1076 3774 4
1120 3723 1185 3776 et
1232 3713 1430 3776 Andr.
1465 3731 1539 3794 n,
1578 3713 1706 3794 6,8
1751 3711 2087 3775 credemus
2129 3728 2314 3773 usum
2358 3711 2534 3773 lilius
2576 3728 2693 3794 ge-

510 3847 693 3911 nitivi
738 3845 1187 3909 Terentianum
1240 3864 1491 3908 omnem
1535 3842 1886 3908 contineri?
1989 3840 2228 3906 Credet
2271 3842 2378 3924 qui
2422 3842 2681 3924 poterit:

509 3979 654 4041 mihi
699 3977 813 4040 vix
858 3976 1109 4040 dubium
1157 3985 1258 4039 est
1303 3977 1454 4059 quin
1497 3984 1796 4058 corrupta
1838 3975 1984 4040 sint.
2027 3977 2112 4038 Et
2141 3976 2405 4040 alterius
2451 3975 2691 4058 quide-

508 4114 682 4177 initio
724 4115 943 4179 neseio
987 4130 1068 4176 eu
1111 4114 1344 4177 vocula
1389 4112 1729 4179 exciderit:

1822 4244 2123 4310 uidelicet
