2824 4890
2246 380 2340 441 IX

110 561 330 636 Eique
387 559 548 622 libro
596 558 866 622 dubitari
923 560 1146 640 nequit
1198 560 1352 642 quin
1402 560 1592 624 etiam
1649 579 1774 623 nou
1835 571 2333 627 commemorato

111 691 455 754 nonnullas
500 693 801 772 Scaliger
843 703 1248 754 correcturas
1290 695 1352 755 in
1408 692 1673 756 schedis
1725 693 1844 757 illis
1888 694 2201 757 Parisiuis
2241 701 2342 770 (n.

101 823 321 898 8185)
362 825 782 907 consignatas
826 824 1080 906 debeat,
1125 827 1307 888 velut
1338 830 1728 907 obsequendo
1766 847 1833 892 v.
1864 826 2054 907 1082,
2088 830 2336 891 tumul-

108 959 341 1019 tuanti
377 959 631 1017 nomme
672 972 736 1015 v.
788 953 982 1019 1120:
1053 956 1261 1039 qualia
1304 955 1597 1040 quidem,
1660 958 1717 1020 si
1756 957 1908 1021 nulli
1947 976 2150 1038 posse
2189 959 2331 1021 usui

109 1107 279 1153 esse
322 1087 710 1167 viderentur,
755 1089 1009 1152 silentio
1056 1093 1620 1173 praetermittenda
1660 1092 1835 1156 duxi.

290 1224 643 1287 Praeterea
685 1222 768 1286 de
811 1223 905 1289 Β
951 1234 1159 1289 restat
1202 1235 1270 1288 ut
1304 1235 1667 1308 annotetur,
1713 1227 2135 1291 creberrimas
2170 1245 2342 1310 quae

109 1358 179 1419 in
229 1356 341 1420 illo
385 1365 556 1436 suut,
597 1366 664 1419 et
709 1361 903 1421 multo
929 1358 1187 1441 quidem
1208 1363 1567 1424 crebriores
1603 1363 1665 1423 in
1694 1362 2119 1424 Bacchidibus
2148 1378 2338 1442 quam

109 1493 229 1553 vel
275 1491 336 1553 in
382 1492 752 1554 Trinummo
797 1493 900 1554 vel
931 1497 995 1555 in
1024 1494 1255 1575 Milite,
1298 1502 1365 1555 et
1400 1511 1669 1556 ‘rasuras
1708 1504 1774 1556 et
1821 1494 2105 1558 radendo
2153 1504 2330 1558 ortas

112 1623 390 1686 lacunas
446 1642 571 1685 non
628 1624 709 1687 ad
767 1626 1184 1708 corrigendae
1255 1633 1616 1709 scripturae
1656 1630 1991 1693 consilium
2032 1638 2340 1709 spectare

115 1771 371 1834 umnec,
414 1757 531 1820 sed
578 1777 813 1841 magna
855 1779 939 1821 ex
986 1768 1166 1841 parte
1203 1760 1288 1824 ad
1313 1759 1671 1824 ‘tollendam
1724 1763 2133 1826 membranae
2174 1780 2338 1825 sca-

117 1891 372 1953 britiem
413 1892 625 1954 factas
665 1910 835 1955 esse.
921 1893 1298 1973 Quanquam
1342 1893 1614 1973 singulis
1656 1894 1717 1956 iu
1766 1896 1923 1959 locis
1968 1906 2170 1960 utram
2218 1914 2335 1959 ra-

117 2042 279 2086 sura
342 2037 642 2086 caussam
706 2024 1039 2105 habuerit,
1109 2026 1305 2090 valde
1372 2029 1742 2112 ambiguum
1809 2048 1962 2093 esse
2029 2029 2328 2093 iudicium

118 2159 411 2220 solet.—
442 2156 747 2219 Ceterum
793 2158 988 2220 fontis
1032 2179 1071 2221 e
1113 2177 1240 2240 quo
1280 2157 1374 2223 Β
1421 2159 1601 2221 fluxit
1651 2163 2090 2240 antiquitatem
2135 2163 2338 2224 etiam

118 2294 164 2353 k
212 2292 465 2356 litterae
508 2308 623 2371 pro
667 2292 710 2351 Ιι
754 2290 1002 2370 positae
1047 2290 1108 2351 in
1154 2290 1362 2370 priore
1404 2290 1796 2370 potissimum
1856 2290 2109 2353 fabulae
2152 2299 2357 2370 parte·

118 2424 482 2506 frequentia
524 2422 764 2504 prodit:
827 2442 971 2487 uam
1014 2441 1143 2485 non
1187 2422 1313 2484 alia
1366 2422 1572 2485 forma
1615 2423 1732 2484 uisi
1777 2421 1902 2485 hac
1945 2421 2005 2483 K
2050 2420 2333 2485 Ambro-

119 2555 372 2617 sianum
419 2556 510 2617 uti
553 2573 676 2616 suo
718 2554 861 2617 loco
907 2573 1107 2635 nuper
1152 2557 1480 2616 annotavi.

293 2688 510 2766 Ipsius
556 2698 769 2749 autem
810 2685 898 2753 Β
930 2687 1171 2750 codicis
1215 2688 1697 2768 scripturaeque
1740 2685 1802 2746 iu
1847 2700 1924 2747 eo
1952 2701 2183 2764 reapse
2213 2702 2341 2747 ex·-

120 2820 362 2883 stantis
407 2820 722 2902 ignoratio
770 2840 896 2882 una
939 2829 1043 2883 est
1089 2839 1307 2882 earum
1355 2837 1759 2899 caussarum,
1803 2819 2072 2900 quibus,
2120 2827 2191 2880 ut
2235 2817 2343 2883 vel

124 2952 433 3018 Godoi'
451 2955 643 3017 redi
693 2956 1141 3019 Hermauni
1184 2958 1524 3038 ingeniosa
1566 2977 1766 3039 opera
1807 2962 1872 3021 in
1915 2957 2342 3040 perpoliendis

122 3086 549 3150 Bacchidibus
601 3089 809 3169 posita
861 3091 1240 3171 relinqueret
1292 3092 1461 3173 quod
1551 3092 1871 3154 emendari
1915 3110 2109 3173 posse
2151 3091 2342 3154 vide-

124 3231 328 3299 retur,
376 3218 674 3284 effectum
719 3230 839 3283 est.
943 3223 1082 3284 Alia
1129 3240 1363 3285 caussa
1408 3242 1446 3283 e
1490 3223 1845 3304 prosodiaci
1890 3224 2151 3302 generis
2195 3243 2342 3285 am·-

122 3354 449 3438 biguitate
492 3354 835 3436 repetenda
881 3364 1001 3417 est.
1088 3358 1158 3417 In
1203 3377 1330 3438 quo
1374 3374 1518 3420 cum
1567 3358 1669 3419 ille
1713 3354 1977 3417 mirifico
2023 3376 2152 3438 quo
2197 3358 2342 3437 pel-

123 3489 325 3568 lebat,
390 3486 506 3548 sed
553 3488 755 3550 eidem
803 3489 1137 3569 aliquoties
1183 3488 1602 3550 fastidiosiori
1646 3489 1887 3549 aurium
1938 3487 2168 3549 iudicio
2218 3489 2342 3550 ob-

124 3631 553 3703 temperaret,
608 3625 732 3683 etsi
781 3640 1096 3703 nunquam
1156 3640 1282 3682 non
1329 3599 1853 3702 elegantissimos
1893 3638 2187 3703 numeros
2233 3620 2335 3683 ef-

126 3757 352 3817 finxit:
400 3765 610 3818 tamen
658 3775 809 3838 ego,
856 3771 999 3817 cum
1042 3774 1163 3815 non
1208 3770 1466 3834 possem
1511 3772 1634 3814 non
1681 3769 1795 3813 eas
1822 3757 2101 3816 rationes
2134 3757 2347 3835 sequi,

124 3889 214 3953 ad
284 3907 449 3971 quas
506 3889 947 3970 prosodiacam
1010 3889 1410 3968 disciplinam
1459 3905 1707 3949 omnem
1754 3887 1815 3947 in
1862 3886 2349 3969 Prolegomenis

126 4023 488 4088 Trinu‘mmi
531 4022 670 4102 ipse
713 4039 1128 4083 revocassem
1154 4064 1172 4100 ,
1236 4038 1438 4100 saepe
1481 4028 1592 4081 aut
1633 4020 1891 4080 servavi
1938 4036 2104 4097 quae
2148 4036 2344 4095 posse

126 4156 395 4222 defendi
466 4156 884 4237 intelligerem
951 4164 1060 4217 aut
1129 4156 1310 4217 aliter
1375 4163 1567 4237 atque
1633 4151 1977 4216 Hermanni
2050 4149 2345 4212 acumine

128 4293 382 4355 factum
428 4286 711 4349 viderem
758 4285 914 4347 vitia
957 4286 1315 4366 scripturae
1355 4282 1737 4366 corrigenda
1779 4284 2013 4364 putavi.
2126 4281 2249 4360 Qui
2291 4280 2349 4342 si
