2824 4890
2078 355 2290 419 cun

166 521 291 566 roco
321 509 634 585 almerae
678 510 901 581 natura
955 522 1361 601 repetendam
1425 545 1592 595 esse.
1700 533 1916 618 Atque
1971 538 2285 604 eiusmodi

157 636 395 716 quiddam
434 643 726 711 babuisse
767 651 933 715 illam
978 653 1128 718 hinc
1154 658 1547 744 intelligitur,
1589 665 1758 745 quod
1789 685 1829 728 e
1857 675 2110 746 magius
2144 673 2281 736 fieri

154 774 317 832 nasu
337 776 539 853 potnit.
611 778 859 857 Quodsi
893 782 975 845 ad
1004 789 1032 846 τ’
1057 791 1468 853 consonantis
1498 794 1966 861 similitudinem
1999 800 2276 883 aliquam

149 920 184 975 u
213 901 338 965 illud
375 907 754 992 accedebat,
818 911 986 977 idem
1044 915 1182 981 fere
1238 921 1563 986 accidisse
1620 925 1683 988 in
1735 948 1840 989 ma
1843 929 2133 993 'astratus
2178 933 2284 1012 (ut

147 1029 221 1092 sis
252 1031 432 1098 imiter
468 1040 842 1124 scribendo)
884 1048 1204 1112 accidisse
1247 1057 1670 1137 perspicimus
1715 1061 1881 1143 quod
1925 1063 1987 1126 in
2049 1083 2279 1130 mono·-

266 1469 381 1533 Sed
420 1475 847 1560 redeundum,
894 1483 1059 1548 unde
1104 1488 1321 1549 exorsi
1362 1506 1625 1576 sumus,
1685 1493 1769 1556 ad
1819 1501 2171 1577 quidem
2214 1511 2280 1564 et

138 1610 310 1675 opu!
351 1610 709 1688 particulas.
816 1613 999 1693 Quae
1061 1636 1222 1681 sane
1286 1609 1592 1702 liquidam
1647 1644 1771 1688 non
1826 1627 2061 1692 babent
2117 1630 2277 1694 inter

137 1733 321 1802 breves
357 1749 616 1810 vocales
661 1749 822 1813 duas
866 1753 1286 1819 interiectam.
1374 1760 1618 1823 Verum
1648 1762 1814 1843 quod
1846 1762 1981 1827 lieri
2017 1765 2075 1827 in
2106 1769 2271 1831 omni

133 1881 324 1944 genere
362 1893 560 1941 rerum
608 1878 923 1966 videmus,
956 1894 1039 1947 ·ut
1085 1907 1205 1950 non
1251 1899 1376 1952 tam
1422 1892 1616 1955 certis
1661 1902 1728 1956 et
1771 1895 2262 1961 immutabilibus

130 1993 309 2063 finibus
344 2005 739 2090 singulorum
783 2013 944 2076 inter
984 2033 1060 2077 se
1105 2016 1387 2081 ordinum
1424 2019 1754 2103 diremptio
1790 2020 2076 2108 regatur,
2121 2029 2267 2110 quin

128 2130 382 2207 quaedam
422 2139 780 2205 redundent
824 2153 889 2207 et
933 2146 1222 2209 liberiore
1266 2150 1542 2213 vinculo.
1567 2171 1814 2217 annexa
1843 2158 2051 2238 potius
2082 2177 2266 2240 quam

126 2278 365 2330 connexa
403 2271 708 2337 fluctuent
749 2277 907 2341 inter
951 2278 1073 2343 duo
1116 2301 1397 2366 genera,
1465 2285 1525 2347 id
1571 2288 1721 2369 quid
1778 2293 2002 2353 mirum
2048 2291 2102 2352 si
2163 2292 2268 2355 hic

123 2409 329 2478 quoque
364 2400 565 2470 locum
619 2405 880 2475 habuit?
964 2394 1035 2474 Id
1079 2413 1272 2494 igitur
1317 2415 1550 2480 cadere
1591 2421 1652 2482 in
1697 2438 1811 2482 eas
1853 2419 2016 2484 duas
2059 2425 2265 2504 parti-

122 2529 266 2594 culas
318 2537 699 2601 credendum
758 2548 902 2622 est,
966 2559 1130 2622 quae
1184 2560 1326 2606 cum
1373 2546 1643 2628 reliquas
1690 2547 2101 2613 condiciones
2144 2551 2267 2614 ad-

118 2659 312 2725 missae
345 2668 699 2750 ecthlipsis,
748 2667 892 2733 sive
935 2688 1289 2756 syncopam
1337 2675 1552 2739 dicere
1590 2678 1823 2757 males,
1872 2698 2095 2743 omnes
2141 2701 2264 2745 ex-

115 2787 286 2864 pleant
333 2804 395 2858 et
438 2819 560 2861 una
606 2807 850 2862 tantum
893 2819 974 2863 ex
1020 2811 1201 2882 parte
1247 2822 1287 2867 a
1330 2808 1750 2872 consimilium
1797 2812 2107 2877 societate
2155 2835 2264 2878 re-

114 2927 334 3014 θθᾱιυί,
387 2936 574 3001 facile
637 2948 974 3019 potnerunt
1037 2942 1177 3022 ipso
1235 2941 1584 3022 quotidiani
1638 2948 1952 3008 sermonis
2008 2963 2129 3008 usu
2195 2955 2264 3009 et

112 3055 409 3130 incredibili
461 3069 828 3150 frequentia
883 3074 946 3132 iu
1007 3071 1369 3135 breviorum
1424 3074 1676 3153 qu'dem
1728 3077 1863 3156 ap’t
1915 3077 2260 3141 formarum

108 3196 345 3267 mciem
385 3200 849 3280 pronuntiando
879 3201 1098 3266 deteri.
1184 3202 1370 3282 Quod
1417 3205 1603 3268 simul
1641 3214 1835 3289 atque
1874 3209 2261 3271 intellectum

105 3325 214 3399 ΕΜ,
262 3341 379 3388 non
423 3329 981 3412 aliquammultos,
1045 3332 1163 3395 sed
1220 3342 1530 3396 centenos
1593 3337 1887 3398 senarios
1947 3346 2258 3417 septena·-

102 3447 339 3536 riosque,
378 3458 441 3521 in
481 3459 714 3541 quibus
747 3471 925 3525 tanta
956 3480 1232 3543 regnare
1272 3463 1594 3545 elegantia
1624 3484 2025 3529 numerorum
2066 3469 2258 3551 solet,

99 3597 134 3640 a
185 3590 507 3669 neglectae
573 3593 911 3674 positionis
974 3595 1272 3659 scabritie
1337 3605 1648 3678 purgatos
1712 3600 1953 3663 habes:
2015 3603 2260 3685 aliquot

97 3728 296 3781 versus
324 3723 514 3786 etiam
541 3744 583 3787 a
608 3729 1013 3809 corruptelae
1036 3732 1403 3811 suspicione
1432 3732 1816 3817 vindicatos,
1862 3746 1930 3800 ut
1952 3738 2124 3799 Trin.
2150 3739 2255 3802 58.
2361 3748 2398 3805 .‘

96 3840 314 3929 Quippe
347 3853 499 3918 nihil
541 3856 880 3939 quicquam
917 3860 1345 3941 impedimenti
1386 3881 1537 3926 esse
1574 3875 1852 3949 constat,
1897 3869 2254 3951 quominus,

91 3987 233 4051 ‘lune
288 3985 664 4062 syuizesi
723 3987 968 4053 binae
1029 3993 1419 4072 syllabae
1479 3999 1562 4057 in
1626 4015 1855 4059 unam
1922 4004 2252 4078 coeunt,

91 4120 123 4165 ι
137 4125 173 4168 n
186 4116 257 4172 te
307 4132 353 4176 v
374 4134 413 4177 ο
431 4133 471 4179 c
487 4119 563 4181 al
578 4139 615 4181 e
628 4138 688 4181 m
748 4141 787 4184 e
802 4122 821 4183 l
838 4122 857 4182 i
875 4121 915 4183 d
934 4142 975 4185 a
992 4143 1032 4188 n
1049 4133 1075 4186 t
1088 4143 1128 4187 u
1142 4145 1174 4186 r
1234 4127 1746 4209 delitescantque
1793 4129 2254 4208 pronuntiando

91 4254 316 4318 proram
351 4248 435 4313 ad
474 4252 783 4318 rationem
808 4254 1184 4336 simplicium
1215 4258 1535 4321 vocalium
1566 4260 1672 4322 vel
1701 4257 2252 4344 diphthongorum.
