2824 4890
496 324 752 401 nxx'x

500 521 653 585 alibi
711 538 832 581 non
890 520 1078 581 testis
1146 515 1353 596 magis
1411 532 1598 595 qnam
1658 511 1998 593 ambiguus
2060 510 2247 573 index
2307 515 2444 583 est,
2503 501 2644 561 velot

500 675 565 718 v.
606 654 733 719 335
772 652 1083 717 exbibens
1126 658 1196 712 ut
1242 632 1497 710 uidetur
1549 645 2230 724 praemandatum
2286 657 2393 720 pro
2428 633 2648 713 praedi-

503 796 736 864 catum,
780 794 847 848 et
882 802 996 867 pro
1039 784 1415 860 ’nugatoriae
1459 799 1521 843 v.
1548 777 1675 839 844
1721 795 1761 839 Ν
1783 792 1949 839 Aut,
1979 801 1995 824 ·
2024 772 2228 838 'r‘olu
2251 790 2357 847 As,
2402 787 2512 851 quo
2536 759 2650 846 quid

500 924 730 987 faciam
773 920 1021 1001 nescio,
1070 918 1189 979 nisi
1232 914 1401 996 quod
1447 933 1570 975 non
1618 910 1830 975 deberi
1879 911 2108 972 calami
2152 904 2355 988 lapsui
2398 898 2652 974 intelligo.
2773 908 2774 935 ¹

503 1056 734 1119 Mirum
798 1056 989 1116 etiam
1045 1070 1111 1121 v,
1150 1046 1278 1112 643
1327 1054 1671 1108 anleuersa
1733 1063 1846 1125 pro
1906 1048 2259 1121 anteparta.
2323 1070 2399 1085 -
2474 1033 2652 1096 Versu
2773 1044 2774 1073 ³

506 1157 716 1264 tamen
755 1181 884 1245 644
940 1179 1049 1258 (ut
1103 1195 1354 1240 rursum
1409 1174 1492 1236 ad
1549 1174 1756 1256 paullo
1818 1171 2094 1236 certiora
2138 1168 2488 1239 transeam)
2523 1158 2656 1225 haud

507 1325 647 1383 scio
691 1336 771 1379 an
811 1336 925 1398 pro
969 1316 1249 1388 uindex,
1316 1314 1401 1385 in,
1441 1327 1564 1392 quo
1619 1304 1997 1388 corrigendo
2052 1305 2250 1368 critici
2310 1301 2658 1381 sategerunt,
2771 1308 2774 1343 4

507 1454 590 1517 ta
634 1453 832 1512 obea-
878 1467 1000 1510 non
1044 1447 1182 1508 sine
1228 1442 1664 1526 probabilitate
1699 1437 2087 1519 scripserim,
2136 1449 2485 1517 quanquam
2523 1426 2661 1488 litte·
2769 1470 2770 1473 η

514 1606 719 1652 rarum
766 1580 1179 1648 similitudine
1220 1597 1346 1641 non
1384 1593 1677 1638 summat
1739 1591 1902 1654 quae
1948 1589 2080 1633 vox
2124 1563 2536 1650 impedimenti
2572 1576 2664 1621 no-

513 1725 748 1819 tionem
792 1722 984 1785 etiam
1029 1721 1271 1781 Persae
1317 1734 1388 1794 11,
1421 1716 1483 1794 2,
1518 1716 1593 1776 21
1646 1713 1876 1775 habet:
1937 1710 2508 1772 commorandum!
2544 1701 2668 1778 apte!

515 1861 686 1920 lianc
730 1858 981 1919 obicem.
1068 1852 1239 1915 Nam
1283 1849 1600 1911 vindicem
1650 1847 1899 1931 quidem
1946 1856 2067 1907 non
2114 1862 2312 1925 posse
2356 1841 2479 1903 ullo
2520 1838 2668 1919 pacto
2773 1872 2774 1875 κ

514 2010 660 2054 eum
710 2004 858 2052 esse
902 1986 1005 2068 qui
1050 1982 1247 2046 violet
1288 1983 1791 2063 contaminetve,
1837 1996 1957 2040 non
2003 1990 2244 2060 negant
2291 1977 2412 2040 nisi
2456 1971 2551 2056 qui
2582 1966 2672 2028 de·
2769 1982 2775 2017 ἰ

513 2122 783 2203 sipiunt:
846 2120 1140 2201 argutius
1186 2123 1284 2177 est
1326 2112 1704 2176 Bothianum
1767 2113 2030 2173 lionoris
2070 2114 2383 2174 vendam.-
2434 2109 2490 2169 in
2530 2102 2674 2167 Gro-

515 2217 792 2316 noviana
837 2258 1051 2314 autem
1093 2242 1504 2310 construendi
1566 2243 1809 2306 ratione
1855 2242 2274 2305 vehementer
2318 2243 2568 2320 languet
2601 2233 2677 2293 in·

513 2389 747 2454 utiliter
803 2383 1031 2449 iterata
1082 2384 1403 2445 sententia
1438 2381 1550 2452 jad
1610 2379 2056 2458 quaerundum
2116 2376 2439 2436 honorem·
2497 2400 2572 2414 --
2637 2357 2679 2421 Ε
2773 2364 2774 2367 ’

512 2521 696 2586 vitae
734 2517 1143 2603 quotidianae
1171 2511 1630 2577 consuetudine
1656 2509 2026 2584 crediderim
2072 2509 2549 2588 epithecam
2586 2514 2679 2579 pe-

514 2659 690 2724 titum
736 2677 801 2719 v.
850 2654 1049 2735 1025,
1095 2669 1284 2735 quam
1324 2650 1708 2730 interpretor
1748 2645 2024 2728 aliquam
2072 2636 2377 2705 ἐπίδοσιν
2419 2638 2523 2702 vel
2560 2624 2682 2696 ἐπί-

512 2808 788 2874 μετρον,
844 2788 949 2850 vel
1008 2794 1078 2849 ut
1118 2785 1302 2847 Festi
1355 2782 1574 2846 verbis
1631 2788 1772 2843 u'tar
1827 2775 1996 2860 apud
2048 2777 2337 2840 Paullum
2384 2796 2443 2858 p.
2488 2770 2562 2834 ¹4
2600 2763 2686 2841 M„

519 2931 879 2992 auctarium
900 2972 918 3003 ‚
980 2924 1153 3005 quod
1196 2941 1391 3000 super
1434 2933 1800 2982 mensuram
1845 2918 1949 2979 vel
1978 2917 2235 2996 pondus
2288 2920 2526 2978 iustum
2574 2904 2687 2967 adi-

519 3062 841 3134 ciebatur,
890 3063 967 3119 ut
1023 3052 1320 3117 cumulas
1372 3057 1637 3113 vocatur
1691 3054 1760 3111 in
1818 3053 2017 3112 madia
2041 3071 2065 3111 .·
2133 3066 2257 3130 quo
2323 3065 2524 3111 sensu
2575 3042 2686 3121 ipsa

518 3175 815 3273 ἐπιθήκη
856 3207 1021 3252 voce
1048 3186 1107 3248 in
1144 3186 1327 3274 simili
1371 3184 1511 3247 ioco
1537 3180 2000 3263 Aristophanes
2035 3196 2194 3241 usus
2218 3179 2432 3259 Vesp.
2455 3166 2694 3241 v.139¹:

518 3312 879 3402 κάξέβαλεν
927 3312 1262 3383 ἐντευθενὶ
1306 3305 1545 3400 ἄρτους
1592 3309 1729 3377 δέκ’
1771 3302 2022 3393 ὀβολῶν
2072 3299 2458 3396 κάπιθήκην
2495 3299 2695 3370 τέττα-

519 3474 659 3539 ρας.
734 3455 912 3517 Nam
956 3455 1027 3513 in
1077 3450 1449 3530 apothecam
1493 3445 1596 3528 qui
1628 3442 1795 3526 apud
1822 3444 2113 3507 Plautum
2147 3443 2521 3524 probarunt,
2560 3428 2698 3520 quod

524 3610 566 3655 a
609 3590 907 3654 librorum
949 3585 1078 3649 flde
1122 3586 1411 3667 proxime
1469 3582 1690 3659 abest,
1751 3597 1874 3643 nec
1929 3580 2054 3643 hoc
2097 3599 2326 3642 nomen
2388 3581 2473 3644 ab
2529 3569 2704 3640 borrei

523 3699 882 3799 capacitate
926 3731 1202 3797 unquam
1263 3729 1416 3776 esse
1479 3709 1558 3773 ad
1602 3709 1893 3772 cistellae
1938 3706 2474 3791 significationem
2531 3700 2707 3767 delle·

520 3868 673 3914 xum
715 3847 1268 3925 demonstrarunt,
1330 3861 1454 3907 nec
1494 3841 1640 3905 illud
1686 3841 2082 3905 declararunt
2127 3861 2250 3924 qua
2295 3837 2708 3924 probabilitate

523 3986 878 4050 Stasimum
922 3999 1182 4045 servum
1227 3987 1291 4041 et
1335 3994 1781 4059 possessorem
1810 3973 2320 4057 dactyliothecae
2361 3967 2708 4057 cogitarim,

527 4125 595 4179 et
637 4134 716 4179 ea
756 4113 1020 4178 usurum
1066 4110 1146 4177 ad
1191 4108 1253 4173 id
1296 4106 1654 4173 condalium
1698 4102 2120 4185 condendum,
2162 4103 2332 4185 quod
2377 4105 2585 4184 ipsum
2605 4111 2714 4180 ge·

526 4254 707 4310 stare
747 4250 813 4309 in
860 4244 1054 4328 digito
1098 4244 1353 4307 soleret.
1397 4241 1548 4305 Nec
1575 4239 1701 4303 ullo
1729 4238 1917 4303 modo
1942 4238 2157 4323 friget,
2197 4241 2255 4300 si
2301 4235 2456 4319 quid
2501 4227 2713 4306 sentio,
