2824 4890
2008 331 2356 400 ccxxm

321 513 526 580 Video'
569 516 761 581 nimia
802 519 925 582 iam
969 515 1166 579 miilto
1211 518 1349 597 plus
1379 535 1562 598 qnam
1598 515 1942 591 nolueram,

137 649 237 711 nbi
276 646 483 710 Video'
503 652 629 708 iam
650 647 843 709 m‘mio
887 646 1446 726 transponendum,
1493 658 1624 709 tum
1670 648 2055 727 asperiorem
2101 669 2162 710 v.
2204 651 2351 713 ¹92:

322 783 565 843 Venia't
606 779 864 861 quemdo'
913 787 1068 857 uolt,
1109 778 1311 860 atque
1366 781 1454 841 ita
1496 801 1576 842 ne
1619 781 1764 844 mihi
1808 776 1895 844 sit
1936 800 2190 860 morae,

140 907 246 969 nbi
289 909 486 971 etiam
532 908 718 970 aliam
781 909 864 969 ob
925 925 1224 970 caussam
1290 899 1695 990 probabiliter
1734 909 2064 971 Adue'm’at
2104 913 2359 990 qudndo

144 1041 410 1119 scripsit
445 1039 657 1101 deleto
698 1041 870 1104 milti.
956 1040 1099 1100 Alia
1154 1025 1364 1102 autem
1423 1042 1715 1121 exempla
1758 1041 1817 1100 in
1871 1041 2241 1102 Trinummo
2286 1052 2352 1103 et

140 1166 575 1229 Bacchidibus
634 1167 799 1229 nulla
844 1177 1119 1229 exstant.
1228 1168 1473 1246 Quodsi
1516 1168 1820 1251 quaedam
1867 1170 2053 1233 huius
2094 1174 2352 1253 generis

152 1303 217 1361 in
265 1298 410 1361 aliis
459 1269 689 1359 fabulis
741 1314 904 1359 sana
958 1306 1140 1380 sunt,
1203 1300 1299 1360 eis
1342 1317 1590 1361 rursum
1637 1303 1970 1363 excusatio
2029 1303 2110 1363 ab
2151 1305 2351 1365 iuter-

149 1430 497 1512 punctione
536 1437 796 1510 praesto
841 1438 942 1492 est
985 1448 1113 1510 qua
1157 1431 1221 1491 bi
1263 1430 1466 1509 pedes
1513 1431 1912 1515 dirimantur,
1983 1445 2051 1496 ut
2094 1437 2228 1498 Mil.
2276 1456 2348 1517 11,

149 1563 220 1641 6,
266 1561 373 1626 73.
419 1561 606 1643 Capt.
649 1581 700 1641 1,
748 1562 806 1641 1,
853 1563 961 1623 18:
1757 1655 1763 1662 .

313 1706 572 1772 Fateo'r.
618 1708 863 1784 Ouidm'
903 1706 1165 1771 fatearis
1211 1727 1338 1790 ego
1383 1711 1550 1790 quod
1601 1707 1881 1775 uiderim.

308 1837 585 1900 Sumam
625 1836 881 1916 quaudo'
927 1855 1031 1898 res
1076 1836 1423 1920 redierunt,
1469 1840 1811 1902 molossici.

152 1968 448 2047 Quocum
493 1978 703 2031 tamen
745 1989 870 2030 non
916 1964 1375 2050 comparandus
1423 1972 1726 2054 Hecyrae
1771 1990 1814 2051 ι,
1857 1975 1922 2051 2,
1975 1973 2121 2035 119:

311 2105 535 2168 Habe'e
575 2104 823 2166 omnim
864 2123 1031 2166 rem:
1072 2102 1334 2186 pergam
1380 2122 1506 2184 quo
1549 2107 1732 2187 coepi
1776 2103 1901 2166 hoc
1945 2106 2085 2186 iter,

139 2277 223 2319 ne
266 2275 469 2338 egens
515 2255 766 2339 quidem
794 2258 1235 2338 excusatione,
1306 2268 1376 2319 ut
1412 2259 1471 2320 in
1518 2277 1643 2339 quo
1673 2251 1915 2320 Jmnem
1949 2259 2337 2340 corripiatur.

312 2355 548 2450 Restat
594 2396 686 2468 ut,
732 2387 1021 2467 quoniam
1070 2388 1128 2448 iu
1173 2387 1311 2467 ipso
1339 2387 1648 2467 principio
1682 2405 1980 2449 versuum
2005 2386 2335 2468 plurimum

151 2518 593 2581 excusationis
651 2517 888 2579 babere
932 2517 1270 2598 quamlibet
1321 2517 1641 2579 licentiam
1689 2525 1968 2594 constat,
2017 2519 2338 2595 primum

144 2649 440 2732 pedem
484 2653 877 2712 senariorum
922 2668 1042 2712 nee
1084 2651 1536 2728 anapaesticus
1583 2663 1788 2708 voces
1832 2648 2029 2719 (inter
2072 2663 2235 2726 quas
2280 2655 2349 2707 et

140 2782 455 2845 iambicas
512 2789 810 2860 tanquam
870 2781 1077 2843 media
1129 2779 1295 2841 haec
1346 2779 1522 2841 initia
1570 2787 1719 2840 sunt
1772 2777 1959 2853 Quod
2016 2777 2209 2848 ames,
2272 2780 2347 2839 Ie

141 2913 308 2987 era't,
352 2916 582 2995 Neque
622 2915 811 2987 aue's)
855 2932 977 2976 nec
1018 2914 1402 2994 spondiacas
1446 2929 1527 2974 ac
1568 2932 1647 2974 ne
1689 2910 2042 2992 dactylicas
2089 2911 2341 2994 quidem

144 3063 357 3110 voces
401 3047 777 3128 repudiasse
818 3066 895 3108 eo
950 3046 1214 3108 brevius
1257 3047 1657 3129 adnotemus,
1704 3065 1828 3127 quo
1874 3047 2081 3129 magis
2123 3047 2205 3109 de
2250 3047 2346 3109 his

145 3183 209 3241 in
253 3181 494 3262 vulgus
534 3188 805 3242 constat.
891 3183 1108 3260 Atque
1152 3180 1793 3260 spondiacarum
1857 3182 2347 3260 anapaesti-

143 3320 601 3391 carumque
646 3329 804 3373 usus
870 3329 1015 3373 cum
1068 3321 1132 3372 et
1179 3311 1601 3372 creberrimus
1643 3312 1729 3370 sit
1774 3326 1898 3370 uec
1939 3311 2124 3370 ullius
2181 3325 2346 3368 con-

144 3443 419 3506 dicionis
480 3444 751 3505 vinculis
793 3446 1102 3505 astrictus
1147 3436 1433 3523 (quando
1477 3438 1557 3500 ad
1590 3439 1941 3500 secundum
1985 3439 2197 3519 potius
2227 3460 2349 3520 pe-

146 3578 294 3641 dem
341 3580 615 3660 pertinet
655 3597 838 3659 quam
886 3578 1073 3640 modo
1118 3578 1554 3641 condicionem
1590 3577 2092 3651 tractabamus):
2139 3585 2347 3638 tamen

142 3734 269 3779 nec
308 3715 565 3779 iambici
611 3714 790 3795 pedis
834 3734 954 3777 nec
1010 3716 1412 3778 iambicarum
1475 3716 1841 3776 vocularum
1887 3716 1966 3777 ab
2015 3715 2346 3777 initiose-
2400 3767 2406 3771 .

143 3852 465 3914 uariorum
512 3869 589 3911 ea
636 3853 932 3928 paucitas
977 3857 1101 3927 est,
1150 3856 1241 3927 ut,
1288 3852 1434 3928 quia
1472 3835 1727 3929 ‘primus
1771 3826 1886 3929 pes
1923 3852 2346 3909 trimetron-um

142 3985 398 4068 pondus
442 4001 521 4047 ac
582 3982 1036 4044 multitudinem
1092 3980 1476 4062 syllabarum
1538 3967 1900 4058 desideret‘,
1960 3996 2106 4039 cum
2171 3976 2346 4036 Her-

143 4134 373 4180 manno
419 4114 617 4196 praef.
668 4116 842 4177 Trin.
887 4135 944 4195 p.
989 4130 1125 4174 xvi.
1185 4109 1607 4191 damnandum
1648 4111 1733 4170 sit
1777 4124 2012 4170 versus
2055 4105 2173 4169 761
2222 4105 2348 4166 ini-

147 4249 302 4309 tium
347 4245 502 4309 iliud
546 4247 630 4309 M
639 4252 666 4308 a·
678 4246 766 4308 Ιιί
810 4249 1059 4327 quidem
1115 4244 1333 4305 Ιιένοῖε
1389 4261 1521 4303 non
1574 4248 1688 4300 eet.
1776 4237 1964 4316 Quod
2022 4228 2151 4299 cur‘
2185 4255 2344 4299 sane
