2824 4890
495 345 721 408 val

497 534 830 599 consulitis
894 531 1374 613 depravationis
1436 526 1559 590 viis
1620 533 1811 589 natae
1876 540 2033 587 esse
2093 522 2437 586 videantur.
2532 512 2652 591 Quo

497 667 747 730 cautius
812 664 894 728 de
955 664 1358 747 gravioribus
1420 656 1803 743 quibusdam
1861 652 2262 718 indicandum
2322 656 2457 729 est,
2509 644 2655 708 velut

500 820 643 864 cum
689 820 756 862 v.
798 801 884 863 88
929 819 1039 881 pro
1083 799 1228 879 hie,
1291 796 1430 859 Sed
1478 799 1647 857 istuc
1705 793 1920 869 neqoti
1962 792 2131 850 scire
2172 789 2352 863 cupio
2393 776 2659 863 qna-aquid

496 944 626 1007 est,
694 933 859 998 idem
909 930 1370 994 Ambrosianus
1430 925 1566 988 Sed
1615 929 1780 986 istuc
1835 925 2052 1000 neqoli
2104 923 2286 998 cupio
2325 919 2485 978 scire
2533 908 2657 992 quid

493 1074 620 1132 siet
659 1068 961 1152 praebet,
1013 1064 1119 1127 vel
1161 1062 1289 1125 747
1331 1061 1582 1122 Eadem
1631 1060 1843 1118 omnia
1884 1058 2083 1120 istan
2123 1071 2235 1135 pro
2279 1052 2444 1114 Nam
2484 1044 2660 1107 hercle

496 1205 708 1264 omnia
754 1204 972 1260 istaec.
1060 1194 1193 1258 Sed
1242 1194 1518 1272 aliquam
1561 1207 1721 1251 sane
1751 1162 2249 1267 interpolationis
2274 1178 2659 1261 suspicionem
2775 1208 2776 1243 ᾖ

497 1330 690 1396 facile
736 1330 841 1393 illa
884 1334 1221 1407 moveant,
1289 1342 1457 1407 quae
1496 1343 1534 1384 e
1577 1340 1643 1382 ν.
1685 1319 1832 1381 214.
1875 1316 2004 1380 502
2055 1315 2178 1377 iam
2234 1332 2425 1394 supra
2477 1305 2661 1370 attuli·
2775 1342 2776 1349 κ

500 1483 681 1528 mus:
744 1465 1050 1541 bonisque
1102 1462 1412 1521 enoc-tuboe
1468 1457 1758 1517 omnibus
1803 1461 1871 1515 ct
1910 1456 2067 1532 quin
2124 1452 2193 1511 di
2230 1452 2383 1511 hene
2421 1444 2656 1512 uertant,

501 1617 668 1681 quae
713 1615 794 1658 ne
836 1602 1181 1675 potuerunt
1221 1588 1471 1673 quidem
1535 1588 1633 1651 sic
1674 1586 1868 1649 scribi
1912 1604 1953 1649 a
1995 1590 2207 1665 poeta.
2296 1581 2437 1660 Quo
2477 1573 2659 1639 nescio
2701 1580 2708 1595 ·

501 1748 582 1791 an
626 1729 815 1791 etiam
863 1726 1008 1789 illud
1053 1724 1366 1806 quispiam
1414 1721 1694 1796 referat,
1759 1716 1932 1798 quod
1976 1736 2039 1777 v.
2079 1716 2197 1778 841
2265 1716 2440 1778 iuxta
2491 1706 2662 1790 posin
2775 1738 2776 1773 ς

501 1870 651 1927 sunt
696 1868 853 1939 aqut
888 1867 954 1921 et
991 1863 1178 1936 yet-it.
1263 1858 1474 1919 Maior
1520 1855 1708 1917 otiam
1749 1849 2077 1913 dubitandi
2134 1850 2320 1914 locus
2372 1849 2432 1911 in
2471 1863 2528 1906 v.
2561 1836 2661 1904 328
2774 1876 2776 1910 2

503 2003 650 2058 est:
692 1993 797 2074 qui
848 2007 992 2053 cum
1039 2010 1076 2051 e
1124 1988 1429 2052 Palatinis
1471 1987 1570 2049 sic
1611 1988 1953 2068 vulgetur-2

678 2124 858 2190 Be'ue
902 2126 1046 2188 uolo
1089 2143 1214 2208 ego
1259 2123 1342 2186 illi
1384 2120 1621 2205 facere,
1666 2125 1722 2185 si
1764 2132 1830 2186 tu
1875 2121 2000 2185 ndu
2026 2124 2226 2186 neuis.
2275 2122 2413 2186 PH.
2456 2117 2668 2195 Nempe
2774 2149 2777 2171 f

2122 2255 2206 2319 de
2254 2266 2385 2336 tuo,

506 2404 571 2465 in
611 2399 779 2463 hanc
813 2396 1095 2480 speciem
1140 2394 1508 2458 immutatus
1550 2393 1611 2456 in
1657 2392 1719 2456 A
1762 2399 2010 2456 exstat:

693 2530 871 2595 Bene
937 2530 1084 2593 uolo
1141 2528 1225 2591 illi
1289 2524 1509 2590 facere
1533 2571 1555 2609 ,
1628 2525 1748 2588 nisi
1815 2533 1883 2589 tu
1943 2522 2070 2588 ndu
2135 2529 2238 2588 uis
2293 2567 2312 2588 .
2372 2569 2388 2585 .
2452 2522 2664 2597 Nempe
2775 2537 2776 2542 ¹

2139 2659 2225 2722 de
2266 2669 2391 2723 tuo.

398 2847 407 2853 .
507 2795 677 2858 Nam
723 2814 865 2859 cum
912 2797 977 2860 in
1017 2797 1145 2860 hoc
1189 2816 1385 2862 versu
1425 2803 1612 2861 nenio
1651 2796 1840 2860 etiam
1888 2797 2368 2879 antiquissimus
2399 2794 2500 2857 ille
2519 2788 2670 2873 glos-
2774 2803 2776 2814 ⁴

509 2908 660 2992 sarii
703 2930 975 2992 Plautini
1017 2932 1288 3012 scriptor
1341 2931 1612 3014 legerit,
1675 2932 1758 2994 de
1810 2951 1932 3014 quo
1987 2936 2199 3014 capite
2245 2951 2310 2994 n.
2354 2927 2517 3008 dixi,
2574 2935 2672 2981 non
2775 2951 2776 2964 κ

509 3061 803 3142 profecto
847 3071 1088 3125 temere
1152 3063 1296 3144 quis
1355 3065 1646 3128 coniiciat
1701 3086 1786 3129 ex
1840 3065 2400 3147 interpretamento
2441 3051 2674 3120 non'uss

507 3214 624 3276 pro
666 3199 851 3257 neure
890 3193 1260 3279 irrepsisse,
1307 3197 1450 3260 hinc
1491 3207 1702 3260 autem
1749 3197 2207 3261 consectariam
2257 3197 2458 3259 fuisse
2495 3194 2553 3252 εἰ
2574 3199 2675 3247 non

510 3328 965 3408 particularum
1026 3325 1089 3389 in
1131 3332 1265 3389 nisi
1301 3334 1812 3393 conversionem.
1896 3330 2030 3395 Sed
2090 3340 2303 3392 tamen
2361 3328 2539 3390 huius
2577 3334 2676 3401 po·
2775 3347 2776 3366 2

509 3460 828 3522 tissimum
875 3461 1132 3545 originis
1175 3478 1317 3523 cum
1362 3481 1484 3523 non
1530 3462 1734 3543 possit
1770 3461 2132 3525 necessitas
2173 3456 2555 3543 persuaderi,
2592 3457 2677 3511 tu·
2775 3473 2776 3480 ¹

510 3600 641 3660 tius
710 3596 920 3658 visum
980 3603 1083 3657 est
1137 3595 1243 3658 hic
1305 3593 1588 3678 quoquo'
1621 3595 2128 3657 vetustissimum
2192 3602 2422 3656 testem
2486 3578 2676 3664 sequit

510 3730 888 3811 praesertim
933 3743 1077 3787 cum
1122 3723 1269 3787 illud
1315 3725 1430 3787 vix
1472 3743 1552 3787 ac
1594 3744 1675 3786 ne
1716 3725 1829 3785 vix
1887 3723 2136 3805 quidem
2198 3721 2584 3797 concedam,
2631 3709 2677 3772 in
2775 3753 2776 3756 κ

511 3859 875 3943 corrigendi
919 3875 1156 3921 caussa
1200 3857 1389 3920 etiam
1446 3874 1671 3933 nempe
1710 3856 1898 3918 vocis
1958 3856 2419 3937 correptionem
2475 3850 2677 3913 fuisset
2775 3865 2776 3872 ¹

511 4014 657 4060 nam
716 4002 1055 4057 metrorum
1112 3990 1365 4074 quidem
1428 3999 1855 4053 correctorem
1911 3991 2080 4052 nulla
2137 3990 2241 4050 vel
2302 3993 2367 4050 in
2429 3979 2681 4047 Ambro-

514 4126 695 4187 siano
736 4125 845 4187 vel
898 4125 963 4188 in
1010 4122 1316 4186 Palatinis
1362 4124 1645 4205 vestigia
1687 4122 1998 4204 produnt,
2062 4120 2125 4183 id
2168 4118 2339 4203 quod
2381 4119 2501 4180 iam
2556 4111 2681 4174 olim

517 4260 924 4338 pronuntiavi
986 4257 1204 4319 Diurn.
1270 4257 1512 4338 antiqu.
1583 4254 1950 4319 Darmstad.
2022 4274 2081 4319 a.
2144 4216 2682 4319 m
