2824 4890
2165 374 2383 439 cclii

170 555 431 616 omnia:
474 553 764 635 sequitur
809 571 975 615 nunc
1011 564 1079 614 ut
1109 555 1192 617 de
1225 563 1507 617 'accentu
1555 556 1824 637 logico
1868 556 2229 631 dicatur*).=
2264 558 2390 621 Cui

163 685 315 750 cum
369 689 531 749 ratio
589 689 735 749 item
776 687 1014 747 iuberet
1079 708 1200 748 non
1244 707 1603 768 repugnare
1650 687 1979 748 metricum
2021 695 2384 768 accentum,

162 822 283 884 sed
340 820 700 895 conciliari,
763 821 818 880 ei
877 822 1205 900 postulato
1270 822 1458 883 facile
1523 822 1887 903 intelligitur
1932 838 2057 882 non
2103 823 2385 902 potuisse

162 952 357 1012 aliter
402 949 734 1027 satisfieri,
778 948 895 1008 nisi
945 959 1035 1024 ut,
1063 966 1225 1030 quas
1271 967 1470 1011 voces
1496 952 1597 1010 vis
1623 950 1983 1011 sententiae
2011 948 2388 1028 intenderet,

168 1085 289 1146 lias
341 1101 581 1144 versus
623 1101 874 1163 quoque
918 1083 973 1142 ei
1016 1083 1139 1143 loci
1184 1086 1545 1161 reciperent
1588 1085 1691 1163 qui
1736 1084 2039 1144 maiorem
2087 1101 2125 1144 a
2152 1102 2384 1145 uume-

164 1236 389 1279 rorum
433 1216 781 1277 rationibus
826 1217 951 1275 vim
999 1215 1231 1277 hahent
1275 1216 1333 1276 h.
1373 1236 1430 1276 e.
1490 1223 1561 1277 ut
1627 1217 1702 1277 in
1766 1218 1930 1278 arsi
2001 1217 2384 1279 colloca-

163 1358 463 1410 rentur
518 1364 666 1409 nec
730 1347 861 1408 vel
908 1348 980 1408 in
1037 1318 1270 1408 thesi
1312 1347 1922 1410 delitescerent
1965 1347 2093 1407 vel
2144 1348 2382 1410 elisi-

165 1502 321 1544 one
377 1479 1052 1541 absorberentur.
1098 1483 1313 1560 Atque
1357 1480 1520 1541 haec
1566 1480 1668 1541 illa
1700 1478 1802 1540 lex
1834 1488 1960 1558 est,
2005 1498 2191 1561 quam
2238 1499 2380 1546 cum

167 1611 511 1693 praeclare
575 1610 901 1672 Bentleius
969 1610 1374 1692 indagasset,
1444 1623 1655 1671 tamen
1720 1610 1886 1672 haud
1944 1613 2082 1671 scio
2136 1630 2215 1673 au
2257 1611 2382 1673 ali-

166 1747 432 1826 quoties
477 1742 558 1803 ad
603 1740 811 1821 paullo
869 1741 1259 1802 severiorem
1321 1760 1602 1801 normam
1662 1759 1846 1821 quam
1894 1761 2007 1821 par
2049 1744 2162 1804 fuit
2221 1762 2385 1805 exe-

168 1884 344 1960 gerit
391 1875 832 1939 concinnitatis
885 1874 1094 1936 studio
1162 1875 1369 1935 nimio.
1482 1875 1630 1936 Nec
1684 1872 1745 1933 id
1805 1847 2087 1954 mirumJ
2124 1892 2266 1936 cum
2326 1875 2387 1936 in

169 2022 312 2075 tota
362 2012 626 2073 metrica
674 2010 1176 2091 prosodiaoaque
1239 2009 1571 2088 disciplina
1630 2006 1922 2067 Plautina
1962 2006 2387 2067 Terentiana-

169 2164 300 2226 que
355 2145 503 2205 nihil
552 2146 632 2205 sit
680 2142 848 2223 quoii
893 2145 996 2204 vel
1046 2145 1297 2205 cautius
1342 2145 1445 2204 vel
1490 2144 1785 2204 subtilius
1828 2142 2121 2204 iudicium
2168 2141 2387 2222 requi·

165 2282 288 2334 rat.
387 2270 637 2353 Quippe
676 2291 800 2334 non
846 2276 1047 2353 potuit
1090 2275 1191 2334 uni
1238 2276 1611 2336 inexorabili
1655 2275 2029 2338 necessitati
2075 2275 2134 2338 id
2171 2294 2384 2358 genus

172 2405 516 2467 astrictum
561 2421 733 2484 esse,
781 2404 944 2486 quod
987 2424 1127 2467 cum
1200 2409 1584 2486 saepissime
1644 2427 1681 2467 e
1721 2408 1859 2468 solo
1905 2424 2104 2468 sensu
2152 2417 2384 2487 poetae

168 2553 566 2617 suspensum
626 2545 843 2615 esset,
917 2536 1112 2597 multo
1180 2538 1388 2618 magis
1456 2537 1609 2597 artis
1651 2536 1770 2598 fnit
1832 2555 2019 2616 quam
2062 2539 2385 2600 scientiae.

167 2670 430 2731 Etenim
482 2687 627 2730 cum
674 2669 752 2729 ab
799 2668 892 2729 eis
935 2668 1233 2747 vocibus,
1281 2688 1448 2748 quae
1490 2669 1766 2729 notionis
1798 2668 2074 2748 pondere
2097 2672 2388 2751 insignes

166 2806 589 2869 indubitatam
635 2805 866 2865 habent
910 2806 1037 2863 vim
1081 2806 1465 2881 sententiae,
1511 2800 1593 2863 ad
1639 2820 1773 2883 eas,
1838 2820 2002 2882 quae
2043 2800 2387 2865 destitutae

169 2952 330 3005 sunt
377 2941 569 3019 omni,
616 2959 727 3020 per
774 2940 1070 3018 plurimos
1116 2937 1358 3018 gradus
1402 2935 1806 2997 deveniatur:
1852 2938 1980 2996 etsi
2025 2935 2103 2998 de
2142 2936 2383 2998 illorum

171 3093 489 3159 generum
525 3084 746 3134 neutro
776 3072 1110 3134 fluctuabit
1137 3069 1453 3144 iudicium,
1496 3079 1562 3129 at
1609 3069 1687 3128 de
1713 3068 1932 3130 horum
1964 3068 2388 3141 multitudine,

173 3230 352 3293 quae
395 3218 544 3270 sunt
589 3208 797 3269 media
841 3228 959 3269 nec
1002 3176 1109 3268 alm
1151 3225 1419 3289 gravem
1471 3205 1876 3265 intentionem
1924 3204 2245 3283 postulant
2282 3212 2391 3264 aut

167 3345 412 3403 nullam
460 3340 812 3413 admittunt,
856 3356 1055 3417 saepe
1096 3354 1216 3396 non
1261 3351 1606 3414 possumus
1658 3352 1780 3393 non
1806 3332 2221 3403 vehementer
2244 3350 2389 3393 am-

167 3474 403 3553 bigere
452 3482 656 3531 utrum
703 3466 1032 3529 intendere
1092 3483 1173 3525 an
1232 3483 1356 3523 non
1423 3459 1750 3522 intendere
1792 3463 1970 3541 ipsos
2016 3469 2242 3541 poetas
2284 3463 2392 3553 yel

166 3605 467 3667 voluisse
516 3602 621 3663 vel
665 3592 952 3680 potuisse
997 3597 1306 3659 dicamus,
1353 3598 1436 3657 Et
1481 3603 1691 3657 tamen
1738 3594 1817 3676 si,
1863 3613 2051 3676 quam
2096 3594 2176 3656 illi
2216 3595 2386 3658 viam

166 3734 524 3811 tenuerint,
573 3731 869 3791 volumus
911 3727 1258 3810 generatim
1301 3725 1584 3801 delinire,
1632 3724 1860 3807 fugere
1904 3727 2218 3787 neminem
2269 3745 2387 3805 po-

165 3878 303 3932 test
350 3866 415 3929 id
463 3884 576 3927 eos
618 3864 970 3942 studuisse,
1017 3873 1084 3923 ut
1127 3876 1507 3944 quantum
1568 3868 1920 3941 possent
1962 3868 2146 3921 extra
2188 3862 2381 3921 arsim

196 4117 270 4184 ³¹²)
309 4118 440 4167 Non
479 4116 674 4179 ignoro
711 4117 954 4178 equidem
989 4116 1087 4163 hac
1124 4117 1392 4175 potestate
1431 4122 1539 4161 non
1590 4123 1711 4160 esse
1745 4104 2087 4158 ‘accentum'
2124 4104 2319 4154 dictum
2353 4117 2390 4154 a

313 4218 612 4275 veteribus.
682 4214 803 4279 Qun
843 4222 1020 4263 tamen
1058 4214 1287 4272 nomine,
1327 4217 1383 4260 ut
1418 4208 1785 4272 perspicuitati
1820 4206 2119 4271 consulam,
2166 4210 2291 4255 utor
2325 4218 2390 4255 eo

312 4312 574 4368 libentius
609 4328 713 4377 quo
752 4314 968 4375 planior
1011 4322 1252 4377 cognata
1291 4313 1373 4361 vis
1409 4318 1465 4361 et
1505 4310 1643 4360 ratio
1683 4312 1956 4370 utriusque
1990 4306 2208 4369 generis
2244 4306 2354 4387 liat.
2428 4304 2439 4315 “
