2824 4890
446 323 811 389 cxxxiv

436 527 565 571 non
607 507 817 571 licebit
859 506 982 568 ulio
1024 505 1211 569 modo
1255 507 1570 588 tribuere,
1634 507 1754 570 nisi
1813 507 2065 590 quidem
2147 527 2337 571 unam
2388 513 2651 570 omnim

437 639 706 703 sormam
767 649 1104 723 exceptam
1149 659 1301 703 esse
1344 661 1430 703 ex
1470 640 1755 704 affinium
1804 644 2120 706 societate
2162 651 2418 726 praeter
2464 644 2652 704 ratio-

449 792 596 836 nem
625 772 1047 836 contenderis.
1109 773 1286 857 Ergo
1330 793 1444 854 pro
1486 782 1839 855 anapaesto
1883 781 2160 837 omnium
2206 776 2265 837 in
2309 777 2655 857 posteriore

454 906 805 968 Trinummi
849 905 1182 988 Stichique
1224 924 1420 968 versu
1481 911 1888 989 necessario,
1948 913 2012 972 in
2068 910 2277 992 priore
2320 912 2657 974 Trinummi

458 1038 868 1122 probabiliter
908 1038 1306 1103 habendum:
1358 1058 1472 1121 pro
1516 1040 1874 1122 pyrrhichio
1919 1050 2124 1106 omncs
2165 1046 2225 1107 iu
2275 1043 2657 1110 Cistellaria:

462 1192 576 1255 pro
621 1171 941 1235 tribracho
983 1176 1193 1232 omnia
1240 1170 1300 1232 in
1346 1169 1656 1252 Hecyra,
1700 1173 1868 1232 nulla
1913 1182 2126 1235 autem
2163 1175 2558 1238 necessitate
2595 1178 2651 1237 in

455 1302 626 1368 Rud.
669 1321 768 1386 tv,
810 1306 872 1381 4,
915 1304 1002 1366 56
1045 1289 1295 1366 'Omnia
1335 1324 1451 1381 eqo
1493 1309 1694 1364 istaec
1729 1305 1928 1383 fa'cile
1964 1311 2196 1382 patior,
2248 1315 2312 1368 et
2353 1307 2661 1370 'rrimffis

457 1426 702 1502 'Omnia
758 1458 876 1517 eqo
930 1443 1129 1501 istaec
1184 1438 1359 1519 quae'
1408 1445 1478 1500 tu
1534 1441 1745 1515 daz-ti,
1802 1439 1906 1501 ubi
1967 1440 2113 1502 nihil
2171 1441 2306 1502 vitii
2365 1439 2657 1523 dactylus

452 1566 668 1638 habet.
754 1572 887 1637 Sed
931 1575 1177 1635 alicnus
1219 1573 1300 1635 ab
1346 1572 1447 1634 his
1492 1572 1972 1654 Amphitruonis
2015 1590 2084 1655 v,
2135 1575 2162 1636 1
2188 1619 2209 1655 ,
2250 1574 2374 1656 39,
2422 1577 2654 1641 omisso

457 1715 572 1774 ubi
612 1713 1073 1796 corrigendust
2128 1802 2142 1807 ι

618 1832 931 1907 'Omnium
977 1841 1249 1927 primuni
1289 1834 1664 1910 'Alcumena
1708 1844 2005 1936 geminos
2050 1847 2293 1928 peperit
2337 1842 2532 1910 filios,

703 1979 799 2040 Vt
839 1979 1029 2059 igitur
1069 1985 1294 2062 paucis
1339 1984 1835 2065 complectamur
1875 2001 2039 2064 quae
2081 1981 2363 2044 rimando
2406 1984 2657 2069 singula

453 2109 638 2172 nobis
687 2107 980 2172 videmur
1024 2109 1357 2174 effecisse:
1424 2115 1718 2195 neglecta
1762 2112 1821 2174 in
1869 2112 2077 2176 media
2119 2132 2285 2177 voce
2333 2115 2440 2175 vis
2484 2118 2659 2196 posi-

453 2241 640 2304 tionis
707 2252 773 2303 et
840 2262 1277 2324 paucorum
1356 2246 1958 2307 vocabulorum
2035 2245 2662 2327 bisyllaborum

457 2376 651 2439 certis
695 2376 1008 2458 exemplis
1056 2377 1454 2459 continetur,
1524 2384 1587 2437 et
1630 2377 1867 2438 illorum
1915 2376 1999 2439 ita
2045 2386 2556 2461 comparatorum
2599 2387 2660 2442 ut

451 2528 573 2573 nec
608 2520 740 2573 tres
784 2529 1062 2592 unquam
1102 2509 1660 2591 corripiantur
1701 2507 1820 2570 sed
1854 2517 2163 2572 tantum
2209 2511 2443 2573 binae
2483 2531 2661 2576 con-

454 2652 913 2724 sonantes,
972 2651 1038 2704 et
1083 2642 1345 2704 harum
1390 2642 1702 2721 altera,
1747 2641 1802 2702 si
1844 2660 1884 2703 a
1925 2649 1992 2702 st
2032 2650 2096 2703 et
2137 2644 2480 2724 geminatis
2527 2645 2660 2706 dis-

464 2784 748 2843 cesseris
772 2823 791 2857 ,
834 2778 1045 2840 soleat
1083 2775 1378 2858 liquida
1428 2794 1614 2856 esse,
1662 2783 1729 2837 ut
1760 2775 1819 2837 in
1858 2779 2008 2837 inde.
2061 2778 2232 2838 unde
2279 2782 2456 2840 inlus
2499 2785 2658 2839 inter

463 2917 720 2976 interim
767 2930 991 2988 nempe
1031 2896 1255 2971 omnis.
1338 2909 1476 2971 Sed
1528 2909 1626 2972 his
1681 2929 1844 2973 cave
1892 2930 1974 2973 ue
2017 2909 2273 2972 defendi
2332 2910 2487 2973 talia
2535 2930 2653 2991 pu-

454 3053 561 3107 tes
605 3042 811 3125 qualia
858 3039 1226 3123 legebantur
1271 3042 1445 3102 Triu.
1486 3042 1588 3104 27.
1628 3040 1772 3105 386.
1815 3042 1940 3104 724
1997 3043 2085 3103 ne'
2123 3064 2222 3104 me
2276 3046 2350 3103 id
2408 3043 2647 3117 inm'tet,

460 3179 594 3242 trite
622 3171 946 3251 co'neilies,
976 3173 1093 3254 qm'
1117 3194 1250 3234 meo
1279 3196 1386 3267 erp
1439 3173 1763 3240 ddudrsus
1800 3176 2153 3250 mentemst),
2203 3179 2309 3238 vel
2353 3177 2500 3240 alibi
2561 3172 2651 3240 ἵη-

490 3402 551 3468 *)
583 3404 719 3453 Nam
757 3402 857 3452 nisi
904 3402 1229 3463 corripuisse
1296 3397 1585 3450 Aduersus
1629 3402 1848 3461 credas,
1897 3401 1982 3465 qui
2033 3400 2084 3449 in
2133 3402 2231 3449 inae
2280 3378 2655 3463 acquieverunt

590 3502 880 3563 scriptura,
917 3515 1073 3565 quam
1113 3504 1325 3550 tandem
1362 3488 1651 3550 scandendi
1690 3500 1952 3549 rationem
1990 3500 2203 3549 inierint
2239 3499 2400 3563 plane
2438 3500 2654 3547 nescias.

589 3599 904 3665 Quanquam
943 3600 1057 3649 alia
1092 3602 1352 3662 quaedam
1386 3603 1516 3647 sunt
1552 3598 1600 3646 in
1639 3599 1983 3661 Trinummo,
2017 3612 2154 3661 quae
2190 3610 2384 3660 reapse
2422 3598 2647 3648 nesciam

592 3709 749 3760 quam
799 3709 1098 3747 mensuram
1149 3698 1347 3748 habere
1398 3696 1697 3746 editoribus
1745 3696 1862 3746 visa
1908 3697 2030 3745 sint.
2106 3697 2276 3745 Velut
2325 3696 2414 3759 qui
2463 3710 2518 3745 v.
2555 3692 2652 3743 9³4

594 3797 893 3849 camerarii
930 3798 1246 3861 scripturam
1287 3811 1400 3847 mm
1438 3797 1618 3847 illaec
1653 3803 2065 3861 propagarunt,
2119 3805 2293 3847 utrum
2333 3797 2653 3859 corripuisse

590 3913 703 3952 non
743 3897 1061 3961 particulam
1097 3911 1165 3948 au
1188 3911 1256 3947 ae
1278 3898 1657 3961 diphthongum
1682 3891 2004 3947 credemus?
2039 3897 2143 3947 illo
2163 3902 2345 3946 autem
2367 3910 2534 3946 versu
2554 3891 2653 3942 724

585 4002 794 4053 etiamsi
830 4001 1102 4065 corripere
1167 3995 1458 4050 advorsus
1493 3999 1718 4063 liceret,
1770 3999 1936 4049 nihilo
1974 4006 2155 4049 tamen
2192 3996 2365 4061 magis
2403 4010 2529 4045 meo
2563 4006 2650 4043 em

590 4106 760 4154 verba
794 4108 928 4155 adeo
965 4103 1281 4153 delitescere
1319 4100 1718 4163 pronuntiando
1757 4106 2015 4161 possent:
2051 4096 2148 4165 qui
2166 4111 2289 4148 meo
2314 4111 2415 4147 ero
2441 4090 2651 4146 adnor-

589 4216 704 4251 su-e.
741 4204 861 4253 Nou
900 4204 1076 4267 inepte
1114 4202 1281 4266 igitur
1317 4214 1608 4263 pronomen
1634 4200 1851 4249 Bothlus
1888 4199 2270 4262 expungebatt
2304 4198 2448 4261 quod
2486 4199 2650 4244 tamen

592 4305 940 4367 transpositis
975 4306 1173 4370 spolia
1211 4305 1289 4356 ibi
1326 4304 1553 4355 vocibus
1588 4304 1667 4353 sie
1698 4304 2027 4352 servandum
2066 4299 2345 4351 duximusx

2755 2181 2758 2270 ι

2755 2343 2758 2465 ἕ

2755 2724 2758 2809 2
