2824 4890
1997 295 2382 401 ccoxvn

176 514 547 579 raeti‘eunt.
603 514 734 576 De
776 512 1008 595 quibus
1050 513 1346 595 queniam
1394 515 1597 580 altera
1640 527 1792 597 p‘ars
1852 518 1994 580 eius
2049 536 2382 583 commen—

175 649 474 730 tationis,
519 666 709 732 quam
756 668 814 714 a.
858 662 1398 715 croroccoxxxxr.
1444 649 1639 730 edidi,
1680 669 1836 716 easu
1881 653 2123 717 faotum
2169 666 2269 720 est
2311 666 2382 720 ut

173 769 414 846 adhue·
436 781 497 844 in
539 782 791 844 scriniis
840 779 1203 856 deliteseat,
1248 800 1562 846 summam
1588 786 1947 848 sententiae
1975 803 2156 849 meae
2182 805 2372 868 quam

176 914 587 997 paucissimis
634 932 801 978 nuno
843 915 1013 979 illino
1053 933 1415 996 excerpam.
1476 915 1730 995 ‘Missis
1773 916 1965 997 igitur
2009 936 2225 980 eorum
2271 919 2382 982 su·-

111 1054 133 1071 ⁶
169 1048 396 1113 tilibus
443 1046 843 1128 opinionibus
905 1049 1010 1129 qui
1068 1058 1181 1110 aut
1232 1066 1272 1113 a
1315 1048 1408 1114 M.
1454 1049 1749 1113 Varrone
1788 1021 1918 1114 'aut
1960 1070 1998 1112 a
2047 1051 2381 1118 Prisoiauo
2422 1051 2423 1054 ’

180 1182 424 1264 scripta
487 1180 893 1246 coniecerunt
951 1185 1250 1262 (quorum
1313 1179 1420 1243 hio
1484 1180 1819 1246 habuisset
1870 1184 2159 1264 profecto
2215 1185 2385 1268 quod

180 1314 304 1376 sibi
343 1312 795 1396 gratularetur,
839 1312 896 1374 si
941 1321 1069 1376 tam
1117 1314 1318 1377 bonos
1361 1313 1680 1377 trimetros
1728 1315 1948 1379 fnoere
2003 1316 2130 1378 ullo
2190 1315 2380 1380 mode

180 1450 475 1528 posset),
517 1445 682 1509 duas
727 1452 982 1509 aetates
1025 1443 1217 1507 video
1253 1445 1360 1506 tali
1397 1443 1652 1508 ludendi
1692 1445 1910 1526 generi
1947 1454 2167 1527 aptas:
2211 1446 2385 1512 alte-

179 1590 313 1636 ram
354 1574 599 1639 saeculi
641 1593 703 1635 u.
745 1592 804 1638 o.
845 1576 1122 1657 septimi,
1171 1595 1299 1658 quo
1341 1595 1533 1658 quam
1576 1577 1919 1644 ferbuerint
1960 1584 2388 1662 grammatius

182 1704 402 1770 studia
444 1704 527 1767 ad
576 1706 908 1771 Plautinas
953 1708 1201 1772 litteras
1242 1710 1514 1790 collata,
1560 1710 1783 1775 Licinii
1824 1712 2068 1793 Porcii,
2137 1716 2379 1780 Aurelii

191 1835 398 1916 Opilii,
441 1835 718 1902 Voleatii
763 1837 1059 1918 Sedigiti,
1107 1839 1183 1900 [A.
1229 1838 1392 1904 Attii
1434 1841 1788 1921 exemplis,
1836 1861 2179 1924 eorumque
2226 1864 2383 1911 ver-

181 1967 371 2030 sibus
411 1967 673 2030 astricta
712 1969 1000 2032 oratione
1043 1970 1379 2052 utentium,
1427 1970 1617 2034 docui
1644 1972 1960 2054 Parergou
1981 1990 2032 2052 1,
2059 1995 2114 2056 p.
2137 1976 2387 2060 vosqq.

183 2099 320 2164 238
358 2118 497 2184 sqq,
535 2099 658 2166 321
710 2119 806 2183 sq.
837 2103 975 2164 ooli.
1008 2103 1205 2183 praef.
1251 2118 1311 2184 p.
1355 2121 1535 2169 xvn:
1579 2106 1841 2172 alteram
1888 2107 2378 2190 Antoninorum,

187 2251 319 2315 qua
376 2241 442 2295 et
486 2234 872 2301 resuscitata
934 2245 1082 2299 sunt
1147 2236 1440 2301 Plautina
1479 2235 1692 2302 studia
1735 2246 1801 2302 et
1842 2236 1925 2304 ad
1976 2240 2385 2322 antiquitatis

185 2365 601 2448 Naevianae,
629 2367 989 2451 Plautinae,
1011 2367 1338 2430 Euniauae
1360 2367 1773 2431 imitationem
1801 2369 1919 2451 ipsi
1935 2388 2026 2434 se·
2038 2372 2385 2453 scriptores

183 2512 253 2564 et
297 2510 535 2585 poetae
581 2509 754 2565 totos
800 2510 1317 2583 composuerunt.
1401 2502 1619 2583 Atque
1673 2502 1819 2564 talis
1863 2510 2001 2583 est,
2071 2512 2141 2566 ut
2182 2502 2390 2566 diuam

180 2632 356 2717 quod
398 2634 651 2714 sentio,
715 2635 904 2715 prisci
948 2634 1265 2697 sermonis
1309 2631 1617 2697 affectata
1655 2636 1917 2713 speeies
1982 2633 2130 2714 illa,
2197 2651 2387 2717 quam

179 2774 569 2848 argumenta
625 2767 885 2829 metrica
939 2765 1291 2829 fabularum
1341 2764 1775 2829 plautinarum
1820 2783 1976 2845 prae
2015 2783 2091 2831 se
2133 2765 2383 2832 ferunt:

182 2898 252 2963 id
297 2896 470 2980 quod
515 2917 638 2962 uou
680 2917 805 2961 uuo
849 2906 1233 2980 argumento
1273 2896 1666 2979 intelligitur.
1752 2896 1917 2963 cnm
1977 2906 2190 2964 autem
2242 2899 2391 2962 illo-

179 3050 328 3094 rum
375 3028 609 3111 duplex
651 3048 858 3111 genus
902 3039 1175 3095 aetatem
1231 3032 1482 3095 tulerit:
1544 3031 1811 3093 alterum
1866 3030 2395 3113 acrostichorum‚

176 3181 356 3246 quae
398 3171 663 3226 servata
707 3173 859 3226 suut
916 3168 1127 3228 omnia
1181 3165 1331 3240 (nisi
1387 3164 1558 3247 quod
1615 3184 1810 3229 unum
1867 3164 2184 3229 intercidit
2247 3182 2394 3229 oum

173 3297 326 3378 ipso
362 3295 670 3377 principio
698 3294 1162 3375 Baoohidnm)‚
1205 3296 1470 3358 alterum
1507 3314 1630 3360 uon
1665 3295 2187 3371 acrostichorum‚
2224 3314 2393 3377 quo-

174 3450 327 3493 rum
374 3429 564 3493 hodie
604 3431 884 3511 quinque
922 3439 1165 3493 tautum
1228 3438 1616 3511 supersunt,
1676 3429 1825 3493 olim
1883 3436 1978 3491 tot
2039 3434 2194 3509 quot
2251 3434 2404 3490 sunt

177 3561 456 3627 fabulae
515 3562 852 3624 exstitisse
912 3579 1175 3643 prorsus
1229 3559 1439 3623 simile
1489 3524 1657 3623 veri*
1686 3561 1899 3634 est*):
1966 3558 2091 3622 hoo
2149 3556 2398 3640 quidem

175 3695 520 3778 posterius
573 3712 780 3775 genus
837 3693 920 3756 ad
983 3694 1441 3758 Antoninorum
1497 3699 1787 3773 tempora
1836 3710 1916 3754 eo
1973 3690 2397 3756 confidentius

180 3823 410 3889 refero
457 3842 582 3905 quo
624 3824 837 3905 magis
879 3824 1195 3906 eognatos
1236 3825 1424 3887 lusus
1481 3840 1562 3887 ea
1619 3832 1803 3887 aetas
1856 3823 2117 3905 peperit.
2223 3822 2396 3883 Nam

209 4067 287 4124 *J
323 4067 512 4126 Atque
546 4067 686 4115 adeo
720 4065 884 4129 sexti,
921 4068 1063 4128 quod
1098 4069 1167 4116 ad
1203 4069 1481 4117 Persam
1515 4064 1835 4129 pertinebat,
1867 4064 2057 4114 lacera
2092 4064 2403 4126 fragmenta

314 4172 585 4234 quaedam
624 4172 675 4221 iu
730 4173 1056 4222 membranis
1093 4170 1466 4222 Ambrosianis
1519 4180 1806 4229 superesse
1859 4166 1963 4217 ian
2016 4167 2238 4231 Paret-g.
2278 4180 2317 4229 ι,
2351 4180 2401 4229 p.

317 4271 440 4320 297
475 4272 702 4326 ostendi.
