2824 4890
434 344 719 413 ccvnt

442 528 695 614 quidem
741 539 997 603 semper
1043 520 1383 582 voluerunt
1438 507 1815 593 quantitatis
1854 523 2046 586 osse,
2098 502 2178 566 ad
2234 503 2375 567 eius
2438 509 2653 564 autem

455 657 876 724 constantiam
918 660 1229 716 accentus
1272 650 1786 711 observationem
1834 613 2227 704 modicam
2276 655 2656 701 accommo-

444 796 693 859 darunt.

622 920 940 1001 Exemplo
997 935 1129 980 rem
1189 911 1548 976 declarabo.
1651 910 1824 971 Nam
1884 923 2026 969 cum
2079 906 2238 968 ratio
2280 903 2494 966 omnis
2541 918 2666 964 ac-

448 1067 674 1121 centus
719 1054 893 1116 latini
937 1048 1188 1112 duabus
1249 1044 1499 1127 legibus
1557 1039 2000 1122 principalibus
2065 1036 2163 1099 his
2224 1039 2666 1099 contineatur:

447 1195 650 1256 altera
675 1232 693 1267 ,
755 1196 825 1247 ut
888 1200 1053 1265 quae
1096 1175 1418 1240 vocabula
1462 1173 1988 1256 hyperdisyllaba
2029 1169 2476 1252 paenultimam
2524 1169 2667 1228 lou-

450 1342 601 1407 gam
650 1320 929 1382 habeant
970 1324 1370 1398 paroxytona
1414 1315 1566 1392 sint,
1603 1328 1771 1393 quae
1794 1310 2085 1387 brevem,
2110 1314 2666 1388 proparoxytona:

453 1460 675 1531 altera,
717 1463 786 1516 ut
830 1453 1044 1515 ultima
1087 1449 1336 1533 syllaba
1380 1446 1717 1508 verborum
1764 1439 2306 1523 polysyllaborum
2355 1454 2673 1517 quorum-

451 1579 605 1647 libet
643 1588 1026 1658 accentum,
1084 1583 1155 1637 ut
1217 1575 1277 1636 in
1340 1566 1557 1653 lingua
1601 1569 1957 1650 barytona,
2000 1582 2313 1644 uunquam
2363 1560 2664 1641 recipiat:

457 1728 862 1794 consequens
900 1708 1016 1769 suit
1059 1714 1151 1783 ut,
1202 1700 1370 1784 quod
1415 1700 1499 1763 ad
1542 1705 1875 1761 accentum
1934 1695 2195 1773 attinet,
2256 1713 2417 1756 vere
2480 1696 2674 1756 iam-

457 1847 675 1908 bicis
721 1839 992 1902 vocibus
1039 1834 1368 1916 bisyllabis
1409 1839 1506 1910 (υ
1549 1861 1615 1901 -·
1669 1841 1737 1894 et
1782 1833 1933 1895 item
1984 1868 2038 1894 ψ
2088 1827 2188 1907 φ)
2244 1828 2505 1891 omnino
2560 1846 2677 1892 ca-

460 1986 633 2039 reret
676 1975 870 2034 latina
913 1970 1149 2051 lingua.
1255 1968 1482 2049 Itaque
1535 1966 1662 2028 hoc
1719 1965 2018 2028 licentiae
2080 1973 2346 2027 veteres
2406 1964 2495 2026 illi
2554 1964 2677 2031 sthi

411 2107 422 2120 ‘
463 2111 874 2187 sumpserunt
918 2108 1176 2183 praeter
1234 2108 1485 2173 cetera,
1548 2107 1619 2160 ut
1681 2097 2137 2179 bisyllaborum
2186 2096 2682 2176 vocabulorum,

464 2265 724 2330 quorum
770 2242 986 2304 brevis
1032 2237 1449 2319 paenultima,
1477 2252 1889 2318 permagnam
1927 2233 2383 2295 multitudinem
2427 2253 2555 2293 non
2585 2232 2687 2294 sic

459 2377 936 2464 pronuntiarent
997 2399 1132 2454 gn,
1200 2372 1313 2433 sed
1361 2379 1584 2433 contra
1628 2377 1824 2452 atque
1867 2372 1973 2433 lex
2019 2379 2330 2432 accentus
2373 2368 2679 2450 postula-

464 2516 594 2590 bat,
639 2517 944 2576 acuerent
986 2511 1050 2568 in
1094 2507 1339 2585 ultima,
1380 2503 1559 2566 uidi!
1587 2503 1908 2578 uide'nss).
1987 2502 2173 2582 Quod
2217 2504 2332 2563 uisi
2363 2504 2452 2562 ita
2485 2502 2683 2564 insti-

469 2647 768 2725 tuissent,
813 2652 904 2704 ne
939 2658 1131 2705 unum
1179 2635 1435 2718 quidem
1487 2637 1803 2696 senarium
1865 2633 2084 2698 facere
2125 2635 2484 2717 potuissent
2532 2636 2684 2714 quin

473 2796 616 2840 eum
664 2777 771 2838 vel
814 2771 1258 2853 monosyllabo
1301 2767 1623 2830 vocabulo
1666 2767 2073 2830 terminarent
2110 2768 2218 2829 vel
2263 2765 2687 2848 hyperdisyl-

472 2908 620 2970 labo
665 2903 833 2987 quod
882 2906 944 2964 in
990 2900 1314 2979 dactylum
1361 2904 1755 2962 creticumve
1802 2898 2137 2963 desineret.
2203 2897 2514 2960 Admisso
2559 2915 2688 2957 au-

465 3049 596 3102 tem
642 3038 703 3097 in
743 3032 1047 3097 senarii
1090 3031 1394 3093 exitum
1441 3031 1704 3094 iambico
1743 3031 2055 3093 vocabulo
2102 3048 2319 3092 rursus
2363 3030 2493 3110 pari
2549 3048 2685 3108 pe-

500 3283 569 3350 nt)
606 3281 773 3334 Cuius
810 3277 887 3328 rei
923 3288 1172 3326 caussam
1211 3273 1318 3322 lice
1341 3278 1363 3322 t
1399 3272 1561 3322 etiam
1598 3271 1763 3321 altlus
1799 3274 2055 3335 repetere.
2092 3271 2226 3320 Nam
2263 3281 2384 3320 cum
2419 3268 2697 3318 cretica

606 3383 879 3436 vocabula
915 3379 1113 3443 omnia,
1148 3378 1302 3427 cuius
1342 3375 1393 3425 ln
1438 3375 1651 3436 vulgari
1703 3372 2138 3434 pronuntiatione
2187 3382 2326 3420 unias
2376 3366 2694 3430 principalis

606 3486 862 3535 accentus
898 3479 981 3528 hic
1018 3480 1096 3525 est
1131 3489 1194 3527 .·.
1215 3501 1373 3538 υ-Ἷ
1412 3473 1462 3522 in
1500 3454 1759 3522 iambicos
1794 3471 2211 3533 trochaicosque
2246 3481 2437 3519 versus
2462 3481 2531 3517 ne
2551 3481 2695 3530 pos·
2717 3486 2731 3494 ·

602 3589 728 3635 sent
760 3583 968 3646 quidem
1001 3580 1166 3629 aliter
1212 3575 1314 3626 nisi
1360 3574 1442 3624 sic
1476 3574 1675 3623 intrare
1725 3577 1785 3622 ut
1818 3573 1978 3621 simul
2016 3572 2206 3621 ultima
2255 3569 2497 3631 syllaba,
2535 3568 2698 3618 cuius

606 3683 954 3735 secundarius
990 3686 1196 3730 tantum
1233 3682 1493 3727 accentus
1529 3676 1763 3738 quidam,
1798 3676 1901 3723 sub
1937 3674 2100 3724 arslm
2135 3674 2360 3723 caderet
2378 3667 2544 3731 priori
2583 3666 2700 3716 arsi

606 3786 921 3851 visprorsus
943 3796 1126 3846 parem
1155 3794 1210 3829 ..ι
1245 3790 1364 3836 υᾴ
1396 3792 1410 3826 z
1447 3777 1498 3826 ln
1537 3782 1689 3826 tanta
1726 3778 1913 3826 horum
1951 3774 2289 3825 multitudine
2341 3786 2449 3822 non
2490 3780 2697 3834 potue·

609 3895 735 3941 runt
772 3902 878 3937 uon
916 3900 1078 3938 aures
1114 3888 1271 3951 plane
1317 3896 1633 3935 assuescere
1669 3894 1735 3930 ea
1771 3880 2005 3940 ratione,
2042 3890 2148 3940 qua
2200 3878 2418 3925 brevem
2455 3870 2695 3934 paenul-

611 3988 791 4041 timam
840 3987 1117 4047 excipiens
1164 3984 1335 4047 longa
1384 3981 1577 4032 ultima
1624 3985 1907 4031 accentum
1963 3977 2230 4038 reciperet
2261 3978 2477 4038 praeter
2510 3972 2700 4036 leg-iti-

610 4099 749 4137 mam
785 4082 1232 4134 consuetudinem
1268 4079 1511 4142 linguae.
1607 4077 1743 4126 Hine
1791 4074 1990 4161 igitur,
2043 4085 2199 4136 quam
2245 4069 2424 4121 facilis
2475 4070 2631 4119 velut
2664 4083 2700 4118 a

608 4179 888 4246 peruiae't
920 4177 1215 4246 perfida'm
1253 4178 1515 4230 transitus
1550 4179 1701 4228 fleret
1734 4179 1802 4228 ad
1840 4172 2005 4226 aiae't
2035 4170 2236 4240 fidem,
2272 4178 2329 4223 et
2362 4170 2699 4234 perspicitur

611 4288 667 4334 et
699 4286 932 4337 sentitur
964 4285 1236 4336 facillime.
