2824 4890
2099 322 2326 388 xxm

166 506 399 588 ceperit,
439 523 592 588 quas
633 504 861 590 V·-⁹⁰¹
908 503 1248 567 Seleuciae
1293 498 1603 585 acceptas
1652 503 1957 586 epistulas
2008 522 2326 569 narrave-

162 652 271 706 ratz
307 641 631 705 absurdum
676 649 780 703 est
823 640 984 703 enim
1016 639 1190 721 prius
1220 637 1492 701 traditas
1524 640 1793 721 cogitari
1823 658 2010 722 quam
2043 660 2083 704 a
2108 641 2323 705 Char-

158 774 304 837 mide
341 774 708 838 diseederet.
792 775 1087 836 Huncine
1142 773 1333 855 igitur
1375 774 1624 854 lapsum
1671 771 1795 835 doli
1854 772 2001 836 mali
2042 773 2311 837 indicem

157 917 214 968 ut
265 925 337 967 ne
392 904 927 967 animadverteret
981 902 1237 986 quidem
1286 899 1728 968 Charmides?
1811 904 1963 967 Non
2020 904 2113 966 ita
2167 924 2321 986 pro-

155 1040 326 1121 fecto,
365 1041 478 1104 sed
524 1042 583 1102 in
627 1041 818 1103 talem
856 1040 1070 1121 potius
1113 1040 1395 1121 speeiem
1441 1043 1582 1111 eius
1627 1038 1982 1121 supplenda
2027 1041 2261 1106 oratio:

219 1172 345 1238 CH.
387 1174 504 1237 Set
561 1172 668 1234 ubi
726 1169 982 1253 ipsest?
1069 1171 1206 1235 SY.
1250 1170 1356 1251 pol
1421 1169 1591 1232 illum
1650 1170 1870 1254 reliqui
1927 1172 2008 1235 ad
2055 1172 2325 1237 Rhada-

1168 1320 1335 1366 mam
1381 1302 1442 1363 in
1488 1300 1808 1384 Cecropia
1848 1301 2077 1366 insuia.

223 1453 339 1518 cn.
380 1455 626 1516 Hercle
651 1472 984 1516 memorem
1006 1457 1378 1530 nuyatorem
1397 1472 1422 1510 .-
1450 1452 1630 1511 modo
1654 1455 1769 1532 qm·
1779 1455 1893 1531 [αἱ
1908 1456 1984 1512 in¹
2004 1451 2327 1528 Seleucia,

367 1589 450 1649 Vt
466 1589 583 1649 ille
601 1588 1005 1662 memorabat,
1019 1589 1320 1645 nimirum
1336 1603 1513 1645 nune
1528 1604 1674 1645 eum
1687 1590 1755 1644 in
1767 1585 2073 1663 Cecropia
2088 1586 2323 1650 insuta.

366 1720 534 1798 Quis
583 1719 841 1782 homost
899 1738 1001 1780 me
1043 1717 1480 1799 insipientior,
1535 1717 1643 1799 qui
1684 1719 1858 1798 ipse,
1921 1728 2176 1802 egomet
2222 1720 2324 1783 ubi

1392 1853 1539 1934 sim,
1587 1848 1993 1933 quaeritent?

355 1985 473 2047 Set
508 1985 603 2048 nil
651 1983 1052 2047 disconducit
1089 1986 1235 2050 huic
1270 1984 1382 2048 rei.

286 2119 601 2198 Quattuor
659 2140 822 2202 quas
880 2121 1527 2185 commonstravimus
1573 2122 1837 2183 lacunas
1892 2118 2012 2181 etsi
2071 2126 2321 2200 septem

154 2258 363 2315 tantum
420 2254 730 2316 versibus
793 2255 1235 2335 explevimus,
1312 2263 1524 2317 tamen
1586 2254 1707 2318 hoc
1761 2272 1885 2316 non
1941 2252 2129 2315 aliam
2193 2251 2323 2314 vim

150 2383 342 2469 habet,
403 2389 522 2452 nisi
595 2396 669 2451 ut
711 2389 932 2453 horum
974 2390 1356 2471 paucitatem
1416 2389 1722 2454 sufficere
1779 2389 1860 2454 ad
1917 2388 2325 2454 resarcienda

140 2524 575 2585 sententiarum
621 2519 999 2585 detrimenta
1039 2523 1463 2605 intelligatur:
1511 2524 1876 2587 Plautinum
1920 2497 2092 2586 enim*
2129 2527 2324 2604 inge·-

144 2653 282 2716 nium
323 2660 463 2738 quis
507 2668 648 2719 tam
702 2659 995 2738 angustis
1052 2658 1287 2720 finibus
1342 2657 1861 2721 circumscribere
1919 2653 2196 2735 audeat,
2258 2660 2327 2716 ut

140 2801 241 2845 non
279 2790 572 2867 potuisse
617 2797 870 2868 poetam
916 2788 1238 2870 aliquanto
1283 2790 1539 2870 longius
1578 2786 1926 2869 exspatiari
1968 2784 2157 2848 facile
2190 2783 2321 2846 lar-

139 2916 370 2995 giatur?
468 2920 860 2999 Quanquam
920 2921 1121 2984 multo
1175 2939 1333 2982 sane
1390 2923 1602 3002 plures
1665 2920 1866 2982 fuisse
1922 2918 2059 2982 veri
2113 2917 2321 2980 simile

145 3070 248 3114 non
312 3067 637 3137 putamus,
746 3058 847 3118 De
910 3055 1197 3135 pluribus
1253 3063 1467 3118 autem
1530 3054 1772 3117 lacunis
1835 3070 1955 3113 nec
2016 3050 2322 3114 affirmari

141 3189 443 3271 quicquam
490 3207 622 3252 neo
663 3189 884 3269 negari
924 3193 1181 3269 potest:
1229 3196 1356 3247 tam
1386 3183 1550 3246 enim
1579 3187 1740 3246 inter
1762 3200 1839 3245 se
1859 3199 2064 3244 nexos
2089 3189 2318 3263 aptos-

141 3335 245 3400 que
284 3332 345 3385 et
388 3322 757 3387 Charmidis
801 3339 946 3386 cum
990 3320 1393 3403 sycophanta
1448 3338 1559 3400 per
1600 3318 1899 3399 reliquam
1944 3331 2204 3376 scenam
2245 3330 2316 3394 11,

140 3460 193 3512 ei
228 3457 481 3520 Stasimi
544 3476 684 3521 eum
730 3452 1079 3517 Charmide
1137 3453 1198 3515 in
1252 3454 1453 3533 prima
1513 3460 1694 3533 parte
1745 3465 1985 3511 scenae
2031 3464 2123 3509 ιιι.
2168 3463 2317 3507 ser-

142 3602 333 3650 mones
371 3592 714 3674 habemus,
758 3590 910 3652 nihil
957 3599 1024 3652 ut
1066 3588 1147 3651 ad
1191 3585 1624 3668 integritatem
1668 3580 2086 3658 desideretur,
2127 3595 2208 3640 ac
2233 3595 2318 3640 ne

144 3724 485 3787 commodus
547 3724 799 3806 quidem
858 3724 1044 3788 alicui
1085 3723 1481 3785 incremento
1525 3719 1705 3780 locus
1741 3716 2136 3791 inveniatur,
2193 3710 2318 3800 nisi

140 3847 283 3915 forte
323 3865 468 3936 post
515 3875 580 3918 v.
609 3856 750 3922 944.
812 3856 905 3918 Ibi
951 3856 1115 3918 enim
1155 3854 1331 3917 licuit
1373 3870 1533 3915 sane
1571 3847 2020 3932 sycophantae
2063 3847 2320 3907 iactan-

138 3982 271 4047 tiam
314 4006 494 4050 suam
539 3988 754 4070 paullo
792 3986 1044 4070 longius
1086 3985 1416 4069 persequi:
1473 4001 1692 4045 verum
1736 3983 1926 4060 longe
1970 3975 2315 4038 deflectere

144 4114 213 4178 de
254 4120 354 4183 via
398 4142 481 4185 ne
527 4122 631 4186 hie
673 4120 927 4205 quidem
959 4121 1185 4204 potuit,
1229 4118 1379 4202 quia
1406 4114 1487 4180 ad
1516 4110 1959 4195 sycophantae
1988 4108 2047 4169 in
2072 4103 2323 4169 caelum

143 4255 558 4319 ascensionem
623 4256 981 4322 reseruntur
1038 4276 1207 4340 quae
1263 4257 1478 4318 statim
1528 4246 1892 4315 Charmidis
1951 4242 2149 4308 verba
2191 4259 2311 4304 se-
