2824 4890
2280 341 2409 405 vn
2442 340 2453 361 ¹

233 524 365 589 367.
390 522 491 586 55.
517 512 1011 587 4339431421.
1043 522 1186 611 422.
1216 521 1357 585 431.
1401 522 1548 586 432.
1597 523 1800 586 4451).
1837 525 2041 588 4461).
2079 527 2223 594 435.
2260 528 2407 592 436.

226 660 355 724 407.
399 662 602 725 445ι.
643 664 774 725 446
794 681 852 725 a.
898 663 1023 726 427
1043 682 1101 726 ιι.
1144 666 1270 727 428
1291 684 1348 727 a.
1393 663 1541 726 379.
1580 662 1730 727 380.
1770 664 1925 729 3823
1987 666 2135 728 item
2178 669 2242 729 iu
2283 688 2406 751 pn-

222 795 498 877 giuarum
543 794 688 858 362.
733 794 818 859 62
859 795 1114 860 dimidia
1159 807 1337 877 parto
1379 797 1678 860 inferiore
1722 810 1788 859 ct
1830 817 1889 879 p.
1930 800 2076 862 «108.
2116 800 2234 863 381
2283 820 2406 864 su-

222 929 473 1008 periore.
557 929 706 990 Nou
755 927 947 991 muita
990 938 1139 991 suut
1175 948 1340 1009 quae
1371 930 1500 1011 logi
1531 939 1873 1011 potuerunt
1908 933 1968 993 iu
2008 953 2064 1014 p.
2090 934 2234 996 275.
2264 937 2408 1000 287.

216 1060 345 1123 417.
387 1061 532 1141 418,
578 1071 907 1143 praeterea
951 1063 1013 1123 iu
1055 1081 1117 1143 p.
1157 1062 1303 1124 289.
1346 1061 1431 1124 62
1475 1073 1654 1144 parte
1696 1067 2044 1144 superiore,
2092 1067 2237 1131 408.
2280 1069 2400 1134 381

219 1192 522 1256 inferiore.
607 1194 948 1276 Aliquanto
981 1194 1159 1270 plura
1206 1195 1518 1254 curiosius
1561 1199 1855 1260 intensae
1897 1202 2223 1264 oculorum
2266 1206 2408 1270 acio

210 1336 623 1405 apparuerunt
665 1329 726 1389 iu
770 1346 830 1408 p.
874 1326 1017 1388 216.
1055 1324 1198 1389 361.
1235 1325 1377 1388 276.
1424 1326 1568 1388 281.
1609 1328 1756 1391 282.
1798 1328 1901 1392 61.
1935 1331 2038 1397 56.
2075 1332 2224 1397 307.
2248 1334 2402 1420 308,

214 1461 350 1522 item
394 1462 454 1523 in
500 1480 560 1542 p.
603 1460 728 1523 362
773 1428 1126 1540 superiore,
1168 1459 1297 1522 289
1336 1460 1653 1521 inferiore.
1750 1462 2028 1528 Restant
2071 1468 2298 1550 igitur,
2344 1471 2407 1533 iu

210 1591 425 1671 quibus
476 1594 584 1653 vc!
629 1593 852 1672 paucis
897 1592 1003 1653 vel
1049 1587 1212 1653 adeo
1256 1592 1659 1672 paucissimis
1706 1597 1999 1675 exceptis
2034 1599 2159 1682 logi
2197 1607 2406 1669 omnia

210 1726 554 1808 potuerint,
592 1724 895 1808 {paginae
950 1724 1091 1789 368.
1137 1725 1280 1788 221.
1322 1725 1469 1789 222.
1515 1727 1660 1790 269.
1702 1729 1851 1792 270.
1895 1730 2040 1795 288.
2079 1735 2223 1797 290.
2318 1739 2407 1800 Et

211 1861 416 1926 harum
475 1864 735 1945 quidem
794 1864 953 1927 duas
1012 1866 1304 1948 quoniam
1364 1864 1659 1947 Angelus
1704 1865 1920 1928 Maius
1975 1866 2131 1930 dixit
2185 1890 2411 1933 carere

202 2001 338 2077 fere
374 2004 441 2059 in
487 2002 708 2060 codice
729 2004 1082 2077 posteriore
1110 2006 1455 2080 scriptura,
1501 2006 1717 2081 itaque
1748 2001 2127 2064 Plautinum
2158 2010 2407 2067 temtum
2430 1992 2445 2003 '

204 2139 635 2212 percommode
677 2138 848 2215 legi:
911 2138 1035 2201 hoc
1091 2148 1159 2200 ut
1213 2138 1400 2222 quale
1446 2138 1530 2200 sit
1572 2144 1754 2201 recto
1797 2138 2227 2218 existimetur,
2282 2158 2406 2200 nou

209 2274 590 2353 parcendum
643 2294 796 2339 csse
858 2278 1098 2341 chartis
1148 2276 1425 2357 videtur,
1486 2276 1604 2339 sed
1664 2278 2022 2360 exemplum
2079 2276 2238 2337 infra
2280 2291 2405 2355 po-

204 2404 458 2472 nendum
507 2407 794 2490 ipsarum
842 2411 1216 2494 paginarum
1256 2411 1531 2494 illarum,
1577 2429 1740 2494 quae
1783 2419 1932 2474 suut
1974 2407 2116 2474 221.
2153 2408 2310 2474 222.
