2824 4890
2113 367 2340 434 XXX!

141 541 224 602 At
268 539 358 601 ita
398 537 522 601 etsi
566 537 769 600 videri
816 549 1032 620 potest
1076 541 1157 605 ad
1202 542 1367 607 horti
1410 549 1944 629 comparationem
1990 554 2199 633 paullo
2235 555 2336 618 le·

138 667 278 729 nius
324 667 607 748 transiri,
650 676 861 730 tamen
908 688 1129 750 parum
1178 674 1489 737 concinne
1535 676 1779 741 duobus
1832 680 1991 743 locis
2032 685 2336 750 malarum

134 802 354 864 artium
401 805 914 866 commemoratio
960 804 1367 893 discerpitur,
1410 831 1653 895 eaeque
1696 833 1803 879 res
1842 836 2006 899 quae
2048 820 2130 882 ad
2172 839 2337 885 con-

132 932 546 996 dimentorum
609 945 675 997 et
732 940 1055 1001 notionem
1116 942 1556 1022 explicandam
1622 958 1688 1012 et
1728 951 1858 1013 vim
1906 955 2331 1021 extollendam

131 1091 312 1154 quam
352 1072 630 1134 maxime
664 1071 906 1135 faciunt
950 1074 1077 1155 (oe,
1110 1078 1354 1155 linqua,
1384 1084 1671 1161 perfidia,
1707 1087 1969 1163 malitia,
1998 1089 2334 1172 audacia),

134 1207 547 1269 inconsultius
591 1215 996 1288 occupantur.
1084 1210 1230 1271 Hoc
1270 1220 1486 1277 autem
1530 1215 1635 1297 qui
1676 1220 2091 1296 concesserit,
2138 1222 2196 1284 si
2225 1225 2330 1286 vel

129 1342 222 1403 sic
277 1350 491 1404 tamen
558 1358 682 1403 non
744 1358 906 1421 opus
964 1358 1114 1403 esse
1158 1344 1325 1406 illius
1372 1363 1610 1409 versus
1656 1355 2003 1414 mutatione
2049 1362 2328 1417 conten-

129 1473 281 1537 derit
340 1476 452 1557 qui
506 1476 568 1537 iu
626 1475 798 1539 libris
839 1477 1135 1540 scribitur
1178 1479 1267 1540 Oe
1309 1481 1503 1541 habet
1539 1480 1830 1559 linquam
1873 1502 1931 1545 e.
1974 1502 2032 1566 q.
2074 1502 2161 1548 s.:
2218 1504 2332 1549 re-

127 1618 300 1689 putct
342 1626 736 1691 quaesumus
778 1608 927 1692 quid
971 1610 1289 1692 elegantia
1358 1611 1634 1695 requirat
1687 1622 1753 1676 et
1808 1619 2206 1683 consuetudo
2264 1621 2324 1683 in

129 1760 203 1804 eo
257 1760 500 1826 genere
562 1741 665 1802 cui
730 1742 1095 1822 amphorae
1158 1760 1386 1804 nomen
1453 1741 1741 1807 rhetores
1801 1745 2038 1813 fecere.
2118 1749 2329 1816 Recte

131 1877 227 1938 vel
281 1877 380 1939 sic
447 1874 704 1938 dicitur:
777 1876 870 1939 00
911 1878 1102 1938 habet
1117 1920 1137 1950 ,
1211 1876 1499 1953 linquam
1545 1918 1809 1938 .....
1831 1922 1853 1956 ,
1897 1880 2076 1943 dolos
2117 1884 2322 1958 habet,

131 2010 316 2072 habet
355 2010 689 2091 delenifica
725 2015 930 2094 facta,
978 2014 1168 2073 habet
1199 2012 1533 2094 fallacias,
1576 2012 1685 2073 vel
1728 2013 1828 2075 sic
1867 2014 1956 2075 uti
1998 2031 2118 2076 nos
2159 2014 2329 2078 scri-

129 2144 399 2224 psimust
459 2146 657 2209 omitti
712 2157 925 2210 autem
983 2151 1046 2209 in
1104 2146 1303 2228 primo
1347 2147 1652 2230 membro,
1709 2167 1875 2231 quae
1922 2167 2054 2210 vox
2096 2147 2161 2210 in
2206 2166 2325 2228 po-

127 2277 497 2340 sterioribus
538 2279 852 2340 sermonis
896 2279 1195 2341 membris
1240 2280 1530 2342 omnibus
1568 2289 1933 2344 constanter
1976 2289 2324 2363 repetatur,

126 2405 183 2470 id
224 2416 289 2471 ct
331 2408 621 2472 insolens
664 2415 767 2471 est
811 2418 876 2473 et
918 2407 1258 2472 inficetum.
1364 2409 1545 2491 Ergo
1601 2427 1727 2492 qua
1785 2411 2028 2475 ratione
2086 2428 2321 2475 versus

124 2539 206 2604 ³0
232 2543 591 2620 initiuchx
623 2543 911 2607 eiusdem
946 2562 1181 2606 versus
1217 2548 1778 2626 interpretamento
1810 2543 2102 2627 redipisci
2135 2546 2323 2607 nobis

128 2677 243 2739 visi
285 2695 536 2756 sumus,
586 2677 810 2740 eadem
857 2678 962 2740 vel
1000 2677 1189 2740 simili
1232 2678 1478 2739 ratione
1501 2677 1695 2739 huius
1731 2680 1792 2740 iu
1820 2695 1944 2758 quo
1988 2694 2326 2739 versamur

124 2807 355 2872 initium
414 2818 741 2873 servatum
801 2829 957 2874 csse
1018 2809 1080 2873 in
1146 2810 1421 2872 insiticio
1483 2808 1912 2873 additamento
1967 2808 2074 2872 illo
2132 2811 2328 2873 Domi

126 2939 308 3001 habet
347 2944 631 3003 animum
677 2959 735 3003 o.
779 2959 841 3025 q.
884 2958 941 3002 s.
987 2940 1409 3022 disputamus.

282 3070 504 3132 Vnum
552 3078 781 3151 restat,
824 3070 1100 3133 nondum
1147 3068 1513 3152 expeditum
1550 3077 1765 3133 nostra
1794 3073 2136 3132 sententia.
2180 3067 2315 3132 vix

132 3200 284 3264 enim
330 3197 599 3264 concedi
645 3201 880 3282 poterit
920 3201 1227 3282 scriptum
1273 3219 1425 3263 esse
1453 3220 1494 3264 a
1523 3200 1753 3263 Plauto
1796 3202 2192 3260 condimenta
2234 3201 2324 3260 ad

126 3355 335 3401 omoaee
390 3339 587 3400 moles
638 3340 778 3413 (vel
834 3343 1039 3400 omnis
1095 3339 1279 3399 molis
1339 3338 1585 3418 potius)
1649 3338 2002 3417 maleficas,
2069 3334 2239 3418 quod
2283 3355 2322 3397 e

127 3469 550 3535 Palatium-um
592 3473 895 3536 memoria
939 3492 979 3536 a
1021 3492 1094 3535 se
1136 3481 1380 3535 erutum
1412 3475 1755 3555 Scioppius
1799 3471 2312 3553 commendabat,

128 3608 385 3682 probare
441 3613 838 3672 recentiores
893 3611 1124 3672 solent.
1221 3609 1392 3672 Nam
1451 3613 1664 3690 omneis
1692 3610 1883 3690 molis
1912 3610 2221 3689 malificos
2253 3608 2312 3671 in

126 3734 184 3794 B
222 3742 320 3796 est
366 3753 407 3796 a
453 3735 655 3817 prima
702 3755 922 3817 mauu,
985 3737 1044 3799 in
1104 3738 1315 3816 omnis
1345 3736 1548 3816 moles
1577 3736 1896 3815 malificos
1928 3741 2234 3796 mutatum
2277 3751 2320 3794 a

125 3864 437 3946 secunda,
497 3870 709 3947 omnis
738 3867 930 3946 molis
957 3867 1250 3947 mitificos
1285 3866 1345 3928 iu
1392 3866 1528 3930 ΟΒ.
1612 3865 1954 3947 Nunquam
1998 3873 2212 3925 autem
2257 3862 2318 3923 in

127 4000 293 4056 tanta
350 3968 785 4060 consimilium·
830 3997 1153 4059 notionum
1214 3995 1571 4078 frequentin
1625 3995 1823 4056 moles
1876 3994 2146 4056 Plautus
2200 4009 2317 4073 pro

125 4132 433 4193 machinis
493 4130 669 4198 dixit.
774 4131 966 4210 Quod
1028 4132 1317 4194 sentiens
1376 4139 1444 4193 ut
1507 4128 1798 4210 videtur,
1854 4127 2041 4189 simul
2098 4135 2311 4189 autem

127 4261 444 4324 masculini
518 4262 780 4344 generis
850 4263 1154 4345 vestigiis
1214 4258 1550 4324 inhaerens
1620 4257 2028 4322 Camerarius
2094 4277 2315 4320 omnes
