2824 4890
2094 363 2290 428 CXV

174 542 399 617 adpo-nm
429 544 700 620 adposita
741 542 991 622 adferet
1031 540 1225 619 adfigi
1261 542 1563 618 adleqatu
1606 545 1883 607 adlicere
1924 546 2057 609 iibri
2097 565 2294 628 prae-

168 673 381 737 buerunt
419 695 476 738 v.
500 677 593 738 45.
618 676 719 738 78.
757 676 906 739 202.
933 675 1077 738 373.
1106 675 1252 739 470.
1292 676 1439 741 788.
1491 677 1673 740 1040.
1723 681 1897 746 1142.
1939 680 2086 762 383,
2133 702 2295 748 con-

167 807 314 870 traria
347 827 523 890 saepe
539 855 562 893 ,
618 810 809 872 etiam
854 818 1033 871 astas
1083 815 1392 889 aspiciam
1435 817 1781 875 astiterunt
1817 815 1921 877 85.
1959 815 2105 878 589.
2148 815 2295 898 625,

168 959 424 1024 nunquam
466 953 670 1008 tamen
715 944 834 1006 nisi
880 944 1062 1007 fallor
1093 946 1198 1006 vel
1225 949 1445 1025 affinis
1488 947 1594 1009 vel
1643 950 1960 1010 adca-sare
2003 951 2299 1028 adce‘pere

156 1076 407 1137 medere
465 1078 933 1139 adcommodare
1013 1077 1327 1154 adparere
1345 1098 1370 1137 .·
1445 1096 1802 1159 quanquam
1873 1079 1956 1143 de
2022 1082 2295 1162 singulis

155 1224 288 1270 nunc
317 1227 427 1271 non
466 1208 752 1293 spondeo
795 1207 1115 1271 fidentius.
1199 1209 1541 1292 Reliquum
1586 1219 1689 1274 est
1731 1220 1799 1274 ut
1827 1212 2207 1294 saepissime
2232 1214 2295 1276 in

154 1340 202 1400 B
229 1342 586 1421 potissimum
646 1352 910 1406 servata
966 1360 1123 1407 esse
1166 1362 1250 1421 ap
1292 1350 1360 1406 et
1399 1364 1479 1422 op
1521 1342 1817 1410 adnotent
1877 1353 2031 1410 ante
2079 1370 2116 1409 s
2155 1355 2223 1410 et
2270 1356 2299 1409 t

152 1472 376 1542 {interm
415 1479 623 1562 qualia
666 1497 788 1540 non
834 1486 971 1539 erat
1013 1479 1116 1559 qui
1162 1478 1399 1539 maiore
1444 1477 1582 1539 iure
1626 1496 1815 1559 quam
1856 1479 1961 1543 ina
2002 1478 2082 1542 ad
2114 1481 2295 1543 unius
2329 1457 2341 1466 ’

149 1625 359 1673 normae
397 1616 821 1675 constantiam
864 1629 1255 1674 revocarem.
1341 1610 1492 1673 Non
1529 1614 1711 1690 potui
1755 1613 1952 1695 igitur
1992 1616 2115 1677 etsi
2154 1616 2298 1677 vel-

151 1736 245 1801 len
277 1743 459 1806 oculis
499 1761 805 1824 parcere,
870 1740 1098 1821 quibus
1154 1759 1279 1801 non
1337 1738 1640 1803 mediocri
1697 1741 2036 1807 offensioni
2084 1743 2297 1810 futura

140 1874 381 1954 suspicor
418 1875 613 1939 modo
653 1877 919 1954 obsequi
953 1876 1260 1956 scriptum
1303 1872 1493 1938 modo
1520 1881 1786 1957 opeeqm‘
1820 1898 1883 1940 v.
1907 1876 2058 1962 230,
2106 1839 2297 1944 modo

134 2006 401 2072 domm
441 2008 639 2073 modo
679 2011 1004 2088 apstinere
1042 2006 1200 2087 289,
1247 2008 1610 2091 pariterque
1653 2019 1916 2089 apsente
1966 2011 2104 2076 167.
2143 2013 2294 2095 617,

127 2150 550 2219 meet-auisset
585 2142 724 2223 176,
767 2144 983 2220 opseri
998 2138 1146 2222 531,
1193 2145 1360 2218 opeit
1379 2140 1531 2223 588,
1575 2162 1948 2221 apsceseero
1974 2145 2119 2211 625,
2142 2146 2297 2230 710,

128 2277 673 2359 ορεοηνωεεθὸ7,
740 2279 1113 2353 opsignatas
1155 2273 1281 2335 788
1323 2292 1465 2356 sqq.
1565 2274 1993 2359 Consequens
2055 2277 2178 2342 fuit
2232 2283 2338 2340 ut‘

131 2429 195 2473 ue
239 2431 347 2492 ape
398 2411 661 2496 quidem
706 2407 1242 2491 praepositionem
1310 2405 1802 2471 extimescerem
1860 2427 1925 2468 v.
1967 2409 2111 2474 279.
2152 2410 2296 2473 421.

122 2544 259 2613 aiibi.
336 2547 475 2612 Sed
529 2544 1036 2627 compositorum
1090 2541 1254 2605 haec
1311 2538 1541 2602 finibus
1595 2543 1898 2620 coercui,
1961 2561 2086 2604 non
2142 2560 2299 2624 pro-

121 2695 356 2758 gressus
395 2681 479 2746 ad
520 2700 613 2760 ap
653 2700 756 2753 se,
822 2698 905 2757 ap
942 2681 1181 2756 stirpe,
1242 2694 1604 2758 quanquam
1650 2676 1799 2740 talia
1841 2695 2095 2759 quoque
2134 2695 2299 2741 sae-

119 2818 344 2895 pissime
385 2821 445 2882 in
490 2817 674 2883 libris
719 2815 1152 2896 reperiuntur,
1196 2831 1420 2876 verum
1463 2819 1675 2874 tamen
1716 2830 2029 2894 nunquam
2074 2813 2193 2875 nisi
2235 2813 2299 2877 in

118 2964 278 3012 unum
316 2950 480 3014 binis
525 2948 865 3012 vocabulis
906 2943 1249 3011 contractis
1291 2962 1447 3020 apae
1490 2939 1600 3021 79,
1642 2946 1925 3020 apstirpe
1963 2941 2106 3005 217.
2163 2941 2298 3007 Sed
2381 2952 2392 2967 “

114 3081 249 3145 ntis
284 3083 361 3148 dc
404 3086 509 3150 his
552 3084 765 3166 nugis.

961 3405 1285 3462 cAPv'l·
1320 3406 1415 3462 x.

255 3593 400 3673 Qua
455 3601 678 3658 antem
740 3594 1059 3658 brevitate
1104 3592 1184 3655 de
1240 3591 1404 3655 iocis
1461 3591 2034 3675 grammaticis
2079 3593 2142 3655 in
2183 3608 2300 3656 su·
2345 3618 2348 3623 ·

96 3720 433 3799 perietibus
480 3725 804 3809 capitibus
849 3724 1017 3808 dixi,
1061 3735 1132 3787 ut
1175 3731 1239 3786 et
1279 3727 1487 3803 ipsam
1530 3740 1663 3784 rem
1707 3723 1914 3805 qualis
1950 3731 2133 3786 esset
2176 3741 2302 3785 ex·-

92 3866 385 3929 ponerem
411 3899 432 3937 ,
499 3873 626 3917 non
668 3862 962 3918 moratus
1017 3854 1076 3917 in
1119 3853 1382 3918 aliorum
1430 3852 1964 3935 disputationibus
2007 3853 2116 3914 vel
2159 3850 2303 3913 lau-

95 3980 309 4049 dandis
357 3986 475 4048 vel
520 3985 894 4069 refutandis,
943 3995 1008 4048 et
1053 3981 1442 4067 quorundam
1474 3981 1946 4068 diligentiorem
1977 3982 2300 4064 discepta-

91 4116 318 4187 tionem
359 4126 431 4185 in
477 4120 760 4189 futurum
808 4128 1061 4202 tempus
1110 4117 1459 4183 differi-emt
1509 4118 1734 4182 cadem
1780 4134 1949 4179 nunc
1981 4114 2299 4183 brevitate

92 4258 275 4334 atque
316 4251 498 4317 adeo
536 4250 774 4321 maiore
813 4250 877 4315 in
917 4249 1284 4316 metricis
1330 4257 1471 4313 utar
1511 4255 1610 4331 et,
1656 4245 1824 4329 quod
1861 4249 2130 4331 gravius
2173 4254 2300 4331 est,
