2824 4890
2122 358 2349 426 ΧΧΙΙΙ

184 563 308 607 rom
362 543 501 607 libri
556 539 957 605 multifariam
1012 539 1464 622 emendentur,
1521 540 1642 604 sed
1667 576 1670 585 ι
1693 539 1819 605 hoc
1878 562 2130 629 quoque
2184 549 2353 614 haud

183 697 364 760 aegre
406 677 522 740 sibi
579 676 1030 758 persuadebit,
1096 673 1244 738 nihil
1284 695 1324 737 a
1369 696 1473 738 me
1514 676 1636 738 nisi
1677 678 1979 759 religiose
2020 682 2353 761 pensitatis

178 818 237 870 et
301 808 380 871 ab
451 809 616 871 omni
682 815 865 889 parte
928 805 1352 869 consideratis
1419 806 1769 869 rationibus
1831 810 2106 889 positum
2176 830 2350 878 esse.

176 945 433 1007 Possum
498 942 789 1024 profecto
857 941 919 1003 in
983 939 1358 1025 quibusdam
1428 938 1598 1014 falli,
1669 958 1933 1021 possum
1997 942 2057 1003 in
2110 946 2350 1009 multis:

174 1082 375 1165 qualia
417 1096 561 1142 curn
607 1077 859 1142 minime
900 1076 1178 1139 dubitem
1225 1075 1375 1156 quin
1436 1073 1815 1157 sagaciores
1869 1075 2205 1159 aliquando
2247 1081 2352 1142 vel

174 1215 501 1278 correcturi
546 1213 676 1275 sint
719 1210 826 1272 vel
858 1170 1222 1292 perpolituri
1251 1206 1680 1289 probabiliter,
1725 1219 1936 1270 tamen
1981 1207 2144 1271 idem
2190 1229 2353 1275 con-

170 1350 287 1413 fido
328 1348 389 1411 id
433 1365 557 1409 non
602 1342 935 1406 timiditate
978 1342 1188 1422 potius
1231 1358 1417 1421 qnam
1467 1339 1731 1403 audacia
1777 1341 2018 1404 maiore
2052 1342 2350 1407 effectum

171 1488 253 1550 iri.
332 1487 504 1549 Nam
552 1491 790 1545 tantum
834 1479 1063 1559 fugere
1105 1476 1209 1560 qni
1251 1478 1508 1557 sapiunt
1552 1476 1663 1538 vix
1707 1484 1965 1557 potest,
2023 1478 2353 1560 saepicule

166 1620 298 1682 sine
334 1620 553 1699 aliqua
595 1613 858 1678 audacia
903 1612 1048 1674 nihil
1097 1610 1314 1691 profici
1359 1611 1419 1672 in
1464 1611 1882 1673 instaurando
1928 1611 2177 1694 Plauto,
2223 1633 2354 1697 qno

170 1767 329 1823 teste
365 1760 486 1840 φη·
522 1757 704 1816 homo
746 1753 1004 1815 timidus
1047 1754 1169 1809 erit
1205 1751 1274 1808 in
1316 1749 1507 1808 rebus
1539 1747 1763 1823 dubiis,
1810 1753 2010 1808 nauci
2035 1767 2163 1810 non
2194 1754 2354 1811 erit.-

170 1895 347 1958 modo
402 1896 517 1956 via
574 1910 655 1955 ac
715 1891 961 1953 ratione
1016 1887 1293 1950 coercita
1353 1885 1628 1949 audacia
1686 1887 1747 1947 in
1804 1886 2221 1949 temeritatem
2275 1905 2357 1947 ne

164 2040 386 2115 vertat,
432 2029 639 2093 solido
685 2035 896 2090 autem
945 2025 1354 2088 fundamento
1397 2022 1522 2086 hoe
1564 2023 1838 2100 nitatur,
1897 2029 1963 2083 ut
2005 2020 2353 2084 tralaticiae

166 2170 503 2229 memoriae
546 2172 611 2226 et
653 2179 766 2244 per
809 2161 1044 2241 aliquot
1086 2159 1349 2220 saecula
1396 2165 1791 2237 propagatae
1834 2155 2130 2219 futilitate
2158 2114 2352 2238 probe

165 2308 500 2383 perspecta
547 2307 742 2378 atque
785 2315 824 2357 e
866 2297 1181 2357 communi
1225 2302 1577 2373 conspectu
1620 2292 1854 2355 utiliter
1899 2302 2146 2354 remota
2190 2310 2353 2373 ope·-

163 2460 265 2503 rae
331 2438 600 2522 pretinm
654 2435 893 2498 factum
948 2450 1101 2494 esse
1141 2430 1331 2493 etiam
1371 2428 1512 2491 sine
1554 2436 1731 2490 certa
1772 2427 1910 2489 veri
1948 2424 2353 2507 indagatione

165 2578 467 2642 videatur.
575 2569 1013 2651 Omninoque,
1082 2573 1149 2627 ut
1203 2563 1410 2627 dicam
1457 2560 1626 2642 quod
1671 2559 1923 2636 sentio,
1992 2555 2354 2618 mirabiliter

161 2713 324 2777 abuti
365 2711 612 2775 ratione
678 2705 975 2768 existimo
1032 2701 1138 2784 qui
1161 2743 1185 2779 ,
1250 2697 1395 2760 dum
1456 2694 1715 2759 criticae
1777 2692 1932 2755 artis
1994 2689 2349 2752 modestam

160 2848 491 2913 andaciam
550 2847 675 2909 sibi
741 2842 991 2906 scilicet
1035 2849 1333 2922 negatam
1379 2837 1565 2899 exosi
1610 2834 1937 2917 increpant
1978 2832 2105 2895 hoc
2140 2849 2351 2912 genus

162 2981 523 3046 universum
570 2987 636 3040 et
678 2985 900 3040 contra
944 2975 1192 3038 felicem
1255 2971 1493 3054 ingenii
1544 2990 1728 3034 nsum
1786 2986 2030 3031 omnem
2077 2965 2350 3049 lapidem

163 3125 442 3198 movent,
491 3086 656 3178 adeo
696 3113 815 3175 sibi
856 3129 981 3174 non
1027 3116 1323 3171 constant
1368 3116 1436 3170 ut
1465 3107 1660 3169 multo
1687 3107 1985 3168 maiorem
2016 3101 2348 3165 audaciam

159 3253 603 3317 exosculantes
645 3246 820 3310 miris
854 3242 1207 3325 explicandi
1243 3241 1533 3304 artificiis
1566 3248 1632 3301 et
1666 3234 2118 3318 interpretandi
2155 3252 2351 3312 prae·

160 3384 367 3469 stigiis
411 3382 909 3448 insolentissima
953 3395 1246 3460 quaeque
1288 3374 1455 3436 male
1495 3370 1739 3436 creduli
1785 3375 2104 3434 excusent
2145 3376 2354 3429 teme-

164 3537 350 3603 reque
390 3515 741 3582 defendant
781 3532 950 3596 quae
991 3531 1112 3574 nec
1158 3508 1323 3572 dicta
1363 3515 1514 3570 sunt
1554 3524 1829 3587 unquam
1861 3520 1981 3566 nec
2016 3510 2354 3583 potuerunt

161 3648 301 3731 dici,
363 3660 434 3714 nt
500 3668 668 3732 quae
729 3663 850 3710 nec
910 3644 1105 3707 latina
1167 3644 1298 3704 sint
1359 3658 1479 3702 nec
1532 3636 1826 3700 Plautina
1881 3651 1963 3697 ac
2011 3652 2213 3716 saepe
2272 3653 2353 3696 ne

156 3800 307 3848 sana
350 3794 418 3848 et
460 3784 737 3846 humana
779 3777 1048 3862 quidem.

317 3917 613 4000 Reliquis
655 3925 868 3979 autem
912 3916 1311 3996 corruptelae
1353 3911 1700 3997 generibus
1729 3928 1876 3974 cum
1904 3908 2169 3990 gravius
2198 3919 2353 3967 esse

156 4047 274 4115 hoc
315 4052 525 4115 soleat
571 4052 739 4134 quod
800 4056 1188 4134 integrorum
1252 4072 1552 4115 versuum
1603 4049 2082 4134 interpolatione
2141 4044 2354 4109 conti-

154 4193 336 4248 netur
376 4183 546 4247 haud
586 4205 728 4249 raro
768 4205 909 4248 cum
943 4188 1211 4268 partiurn
1248 4185 1743 4266 transpositione
1777 4180 2145 4246 coniuncta:
2188 4197 2353 4261 quo-

144 4316 312 4380 niam
383 4336 576 4383 unum
637 4320 946 4383 eiusmodi
997 4338 1078 4384 ex
1133 4318 1341 4382 Milite
1396 4317 1757 4396 exemplum
1812 4311 2048 4377 accidit
2105 4322 2176 4376 ut
2232 4332 2348 4395 per
