2824 4890
470 340 663 403 ΧΧΙΙ

474 520 827 584 Lesbonici
873 529 1113 600 patrem
1160 515 1335 578 dicit:
1383 515 1467 575 cf.
1512 533 1574 576 v.
1609 512 1905 576 112771.
1996 513 2105 574 Illa
2148 511 2680 594 quemadmodum

473 655 809 718 cavillatur
862 647 1283 727 Charmides,
1342 650 1436 710 ita
1495 646 1617 708 hoc
1662 666 1805 709 eum
1856 646 2143 708 demirari
2188 658 2683 709 consentaneum

479 796 617 865 est,
680 805 803 848 nou
850 791 1066 846 autem
1110 782 1238 845 alto
1294 781 1547 844 silentio
1607 783 1974 860 praeterire.
2063 781 2287 860 Itaque
2340 780 2557 844 nescio
2604 800 2685 843 an

479 939 597 982 nou
644 915 1040 981 incommode
1084 917 1144 977 in
1188 913 1356 977 hanc
1402 914 1786 977 sententiam
1832 915 2191 997 loquentem
2227 931 2445 978 senem
2477 916 2688 978 animo

475 1059 695 1113 nostro
736 1048 1182 1111 informemus:

558 1182 701 1246 CH.
752 1180 884 1242 vbi
931 1181 1071 1261 ipse
1114 1178 1298 1245 erat?
1384 1179 1521 1242 SY.
1565 1180 1727 1242 bene
1777 1199 1906 1243 rem
1963 1182 2253 1262 gerebat.
2341 1181 2485 1245 CH.
2531 1202 2692 1265 ergo

1578 1313 1681 1374 ubi
1705 1307 1742 1374 2
1825 1314 1959 1376 SY.
2001 1313 2064 1375 in
2107 1314 2420 1378 Seleucia.

567 1442 708 1506 CH.
754 1443 934 1504 Mira
955 1450 1127 1521 sunt,
1160 1447 1273 1523 φη·
1290 1444 1397 1504 laic
1419 1446 1586 1504 scire
1600 1447 1770 1522 polis
1797 1453 1915 1523 est,
1959 1466 2058 1507 me
2068 1450 2283 1526 fuisse
2309 1451 2378 1508 in
2393 1446 2694 1509 Seleucia

747 1577 928 1637 Vnde
969 1576 1155 1636 redeo
1193 1576 1341 1636 Imo-
1388 1581 1534 1637 utut
1570 1582 1686 1650 eet,
1727 1595 1991 1655 perqam
2014 1597 2207 1655 porro
2227 1586 2694 1658 percontarier..

737 1709 841 1770 Ab
888 1708 1090 1788 ipson'
1132 1707 1292 1768 istas
1334 1703 1701 1788 accepisti?

657 1842 859 1902 Porro
903 1841 1132 1901 iustam
1177 1837 1448 1901 lacunae
1499 1841 1935 1921 suspicionem
1981 1860 2216 1905 versus
2256 1841 2384 1905 923
2424 1844 2698 1925 praebet

495 1980 689 2053 atque
734 1971 855 2032 iam
900 1970 1146 2031 Meiero
1190 1989 1250 2050 p.
1292 1987 1434 2035 vm.
1483 1972 1791 2053 praebuit.
1841 1974 2012 2038 Nam
2054 1975 2138 2037 ibi
2183 1974 2353 2063 quod
2382 1974 2694 2039 Charmi-

491 2104 609 2167 des
655 2108 801 2166 dim·
839 2123 954 2183 eqo
1000 2104 1088 2166 ait
1142 2107 1510 2168 iamdudum
1569 2110 1713 2168 tibi:
1768 2110 1922 2170 bene
1961 2116 2023 2171 te
2057 2114 2273 2188 potius
2316 2112 2530 2170 dicere
2571 2130 2692 2171 ae-

483 2248 737 2321 quomst
769 2242 1014 2303 bomini
1052 2243 1254 2300 antico
1297 2259 1490 2320 quam
1535 2241 1717 2315 male,
1767 2242 1829 2304 id
1872 2262 1992 2306 nec
2034 2252 2173 2306 erat
2217 2242 2449 2307 dictum
2474 2254 2695 2325 antea,

493 2390 619 2438 nec
662 2360 869 2456 potuit
910 2372 1073 2457 dici,
1142 2393 1288 2439 cum
1346 2376 1514 2437 male
1570 2374 1821 2438 dicendi
1873 2376 2192 2439 nulladum
2250 2376 2699 2459 sycophantae

490 2528 725 2575 caussa
772 2509 977 2573 suerit.
1063 2511 1260 2573 Nullo
1302 2510 1564 2592 negotio
1609 2526 1900 2573 mancam
1946 2510 2296 2573 orationem
2344 2510 2528 2571 velut
2572 2509 2702 2573 hoc

489 2645 934 2725 supplemento
976 2643 1476 2707 instauraverist

1675 2775 1837 2855 {Dixi
1884 2793 2009 2856 ego
2055 2735 2421 2838 iamdudum
2467 2777 2613 2840 tibi:

653 2910 807 2972 Non
843 2911 1075 2987 placet,
1121 2930 1248 2990 qua
1291 2919 1353 2971 te
1394 2930 1551 2989 crya
1593 2915 1867 2971 amicum
1910 2912 2092 2970 uideo
2135 2914 2411 2971 amicitia
2449 2915 2640 2973 ulier.

662 3042 842 3105 Bene
870 3049 934 3102 te
964 3042 1176 3123 potius
1204 3042 1418 3107 dicere
1440 3053 1781 3124 aequomst
1809 3040 2045 3104 homiui
2068 3045 2279 3105 amico
2305 3060 2488 3123 quam
2512 3045 2705 3108 male.

494 3173 666 3236 Nam
711 3172 1050 3237 amicitiam
1094 3183 1426 3254 carpserat
1468 3191 1629 3236 sane
1660 3194 1720 3234 v.
1745 3172 1904 3237 909:
1953 3174 2104 3235 Non
2127 3174 2358 3253 placet.
2393 3177 2508 3254 qm·
2530 3180 2704 3237 anzi-

497 3327 608 3368 cos
651 3311 827 3370 intra
868 3309 1077 3369 dentis
1117 3308 1453 3369 conclusos
1494 3308 1696 3371 habet.

653 3439 942 3521 Denique
983 3440 1188 3502 tribus
1225 3439 1577 3502 interiectis
1624 3440 1928 3501 versibus
1988 3455 2130 3500 cum
2178 3436 2560 3501 Charmides
2602 3447 2709 3502 set

501 3571 612 3633 ubi
656 3574 799 3649 ipse
850 3578 951 3633 est
1002 3572 1287 3653 quaerit,
1352 3590 1476 3634 non
1529 3569 1699 3634 aliud
1757 3573 2046 3652 quaerit,
2109 3586 2295 3650 quam
2351 3570 2523 3651 quod
2577 3570 2706 3633 iam

498 3717 562 3760 v.
603 3700 726 3762 901
777 3701 1179 3782 quaesierat,
1240 3720 1386 3764 cum
1430 3700 1866 3783 interrogabat
1926 3700 2028 3762 ubi
2087 3700 2316 3764 fuisset
2358 3700 2708 3766 Lesbonici

497 3840 683 3913 pater
725 3833 1038 3914 epistulas
1080 3836 1525 3918 sycophantae
1568 3834 1843 3899 tradens.
1931 3832 2131 3898 Redit
2168 3851 2338 3896 nunc
2376 3852 2456 3896 eo
2497 3852 2707 3900 senex

494 3986 607 4047 per
648 3969 778 4029 ioci
819 3965 983 4028 illius
1028 3969 1605 4047 opportunitatem:
1658 3971 1817 4048 quid
1861 3968 1972 4030 me
2021 3987 2173 4046 erqo
2215 3970 2708 4045 §quouis-mmm

496 4101 791 4161 latitabat
842 4096 1471 4179 milti.Re1iquisse
1527 4115 1603 4160 se
1654 4099 1820 4161 illum
1862 4099 1928 4162 in
1972 4098 2290 4180 Cecropia
2334 4097 2540 4162 insula
2582 4116 2710 4182 sy-

498 4231 819 4316 cophanta
862 4227 1245 4311 rospondctz
1292 4227 1459 4293 unde
1502 4231 1909 4312 consequitur
1953 4239 2024 4293 ut
2063 4231 2126 4292 in
2171 4230 2294 4295 hac
2335 4231 2541 4296 insula
2581 4250 2709 4296 ac-
2809 4261 2810 4270 ¹
