2824 4890
2033 298 2283 366 Chxv

154 497 200 547 et
235 487 300 549 ab
337 508 486 550 acuo
525 494 788 551 metr-uit
829 492 1075 551 imbuas
1115 491 1463 550 metuebam
1497 500 1562 551 et
1604 506 1642 550 a
1686 495 1869 551 timui
1901 496 2111 568 potuit
2132 492 2286 569 pal-

152 618 360 680 luerunt
381 629 439 681 et
467 639 619 681 vero
644 620 832 683 etiam
863 639 903 682 a
930 625 1100 681 tueri
1120 621 1208 681 sit
1234 620 1666 683 alienissima:
1693 620 1993 700 quocirca
2024 618 2153 683 ttie'
2169 628 2286 683 ris

150 768 197 811 v.
228 748 336 812 708
371 768 409 811 a
445 758 607 830 tuor,
652 769 774 811 non
822 741 1028 812 τὶῖἒνίε
1070 767 1109 811 a
1152 756 1333 811 tueor
1375 749 1781 813 scribendum
1826 760 1986 814 erat.

275 882 532 944 'l'ertium
576 900 782 965 genus
823 882 1027 944 babes
1071 883 1369 945 licentiae
1416 883 1842 963 prosodiacae
1886 887 1944 946 iu
1991 885 2028 946 b
2054 886 2071 946 i
2097 903 2203 966 sy
2232 887 2290 948 l-

146 1012 287 1076 laba
322 1015 699 1096 potissimum
746 1016 1191 1078 vocabula
1239 1015 1786 1097 accommodatae,
1834 1035 2099 1099 quorum
2145 1019 2292 1080 flni-

147 1144 240 1207 bus
278 1150 530 1212 maximo
575 1149 881 1212 contineri
922 1165 1066 1211 cum
1108 1149 1473 1229 neglectam
1518 1149 1896 1229 positionem
1959 1137 2087 1210 tum
2138 1151 2287 1210 bre-

146 1278 225 1338 vis
260 1281 478 1342 vocalis
521 1281 876 1361 ecthlipsim
925 1280 1199 1343 vidimus
1225 1299 1366 1360 cap.
1391 1298 1454 1342 x.
1480 1289 1545 1343 et
1565 1299 1651 1343 xi.
1700 1282 1866 1343 Nam
1913 1281 1968 1344 si
2013 1299 2054 1343 a
2099 1297 2282 1343 com-

144 1413 326 1492 positis
355 1416 467 1478 illis
494 1419 721 1478 demde
742 1435 1033 1478 seorsum
1058 1424 1125 1476 et
1150 1414 1463 1476 similibus
1489 1417 1861 1497 recesseriS,
1907 1415 2280 1497 simplicium

146 1544 347 1623 quidem
385 1550 868 1625 vocabulorum,
929 1550 992 1610 in
1035 1549 1267 1630 quibus
1312 1549 1628 1630 propriam
1674 1550 1791 1610 sibi
1837 1548 2059 1611 sedem
2103 1550 2286 1630 syni-

144 1676 281 1736 zesis
318 1677 464 1759 fixit,
508 1680 787 1759 simplex
831 1687 898 1740 et
942 1679 1304 1760 principalis
1351 1681 1581 1762 forma,
1628 1680 1687 1742 h.
1713 1699 1772 1742 e.
1803 1681 2118 1743 nominum
2167 1700 2290 1742 no-

141 1808 427 1875 minativus
464 1814 940 1897 verborumque
984 1816 1185 1896 prima
1228 1834 1530 1897 persona,
1576 1815 1858 1878 binarum
1899 1818 2287 1899 syllabarum

140 1959 438 2008 mensuram
491 1965 623 2007 non
684 1946 852 2010 solet
916 1947 1269 2011 excedere:
1336 1946 1735 2029 trisyllabum
1805 1956 2108 2028 quattuor
2169 1949 2288 2010 sibi

140 2075 406 2140 sociarunt
460 2079 694 2143 affinia
753 2083 877 2142 duo
941 2088 1006 2142 et
1068 2085 1259 2142 trium
1308 2080 1677 2143 numeralia.
1785 2080 2051 2158 Aptiore
2097 2082 2289 2141 etiam

139 2208 347 2273 vinculo
381 2218 534 2279 inter
582 2234 664 2276 se
710 2199 974 2279 alterum
1018 2227 1085 2278 et
1143 2216 1395 2284 tertium
1456 2233 1661 2298 genus
1716 2213 2159 2292 continentur,
2225 2220 2294 2273 ut

134 2358 270 2421 quae
304 2345 359 2408 in
401 2346 756 2431 bisyllabas
802 2349 1040 2410 formas
1081 2349 1396 2411 iambicae
1441 2348 1547 2409 vel
1590 2345 2075 2428 pyrrhichiacae
2107 2361 2290 2405 men-

132 2491 287 2539 surae
334 2482 580 2545 cadant.
694 2482 909 2561 Atque
969 2480 1095 2543 hoc
1157 2480 1254 2541 eis
1303 2497 1643 2542 commune
1699 2487 1801 2540 est
1865 2495 2008 2539 cum
2069 2482 2291 2556 quarto

131 2625 348 2696 genere,
390 2612 468 2677 ad
507 2612 685 2695 quod
723 2612 845 2674 iam
892 2619 996 2674 est
1038 2609 1511 2676 transeundum.

890 2961 1212 3020 GAPv'r
1247 2963 1476 3018 xnl.

261 3193 556 3276 Sequitur
604 3195 770 3258 enim
820 3204 887 3257 ut
934 3193 1015 3255 de
1059 3194 1604 3274 correptione
1650 3193 2073 3271 longarum
2117 3189 2286 3271 syl-

121 3315 441 3389 labarum
498 3327 786 3408 dicatur,
847 3336 916 3389 et
961 3330 1230 3406 primum
1277 3325 1530 3408 quidem
1577 3324 1657 3386 de
1701 3323 2100 3403 correptione
2150 3339 2290 3381 vo-

125 3456 375 3520 calium
434 3459 825 3522 finalium.
929 3458 1182 3520 Licebit
1232 3465 1442 3519 autem
1489 3456 1548 3516 iu
1593 3455 1718 3516 hoc
1761 3471 2014 3533 quoque
2056 3469 2291 3533 genere

118 3587 551 3652 multitudinem
613 3590 1047 3670 exemplorum
1104 3589 1328 3670 partim
1395 3584 1841 3648 confessorum
1902 3584 2125 3664 partim
2189 3583 2293 3644 vel

113 3713 600 3785 addubitatorum
657 3724 764 3786 vel
806 3728 947 3785 sine
991 3723 1216 3804 regula
1257 3725 1628 3803 vagantium
1676 3719 1862 3780 unius
1905 3717 2067 3798 legis
2109 3732 2295 3777 com-

112 3856 260 3916 muni
300 3864 618 3922 societate
657 3858 1217 3940 comprehendere.
1326 3858 1395 3917 ln
1441 3856 1674 3935 vulgus
1722 3858 1977 3916 constat
2020 3848 2099 3910 de
2142 3863 2294 3907 cor-

112 3994 291 4067 teptis
334 3993 870 4074 imperativis
913 4014 1113 4071 roya
1156 3992 1335 4052 iube
1377 3991 1532 4063 abi,
1596 3986 1703 4067 qui
1746 4003 1885 4046 eam
1933 3978 2295 4062 prosodiam

108 4131 352 4185 servant
396 4125 591 4187 etiam
637 4143 781 4188 cum
826 4124 1046 4188 addita
1090 4144 1172 4185 ne
1217 4121 1525 4205 particula
1569 4125 1868 4180 crescunt
1908 4114 1969 4174 in
2031 4132 2118 4173 ro
2130 4129 2297 4189 qun

111 4251 324 4317 iuben
365 4258 503 4319 abi
514 4277 592 4319 n:
635 4278 743 4322 cur
786 4276 1126 4338 numquam
1169 4261 1527 4335 correptam
1563 4250 1842 4313 ultimam
1883 4250 2116 4310 damna
2157 4249 2296 4309 ride
