2824 4890
495 364 845 431 ccxviii

674 550 907 627 Neque
954 543 1032 604 de
1073 539 1178 603 ιἹΙο
1221 536 1564 620 quidquam
1613 533 1823 612 mique
1860 531 2102 592 emer-bs
2134 548 2341 609 neque
2373 530 2715 592 uenderes.

498 684 641 745 Noc
681 679 785 741 ina
827 673 1168 755 singularis
1210 668 1464 731 licentia
1507 677 1643 746 est,
1708 662 1877 746 qnod
1936 663 2349 723 iambicae
2395 680 2635 740 voees,
2677 680 2711 722 ι

502 830 761 896 quarum
808 807 1102 890 neglecto
1138 810 1404 863 accentu
1442 816 1577 859 cum
1616 805 1831 857 nostra
1860 785 2204 874 disputatio
2237 804 2368 855 tum
2415 803 2709 857 veterum

503 951 833 1025 poetarum
881 954 987 998 ars
1031 937 1235 995 omnis
1281 931 1569 1012 profecta
1612 937 1749 1005 est,
1813 928 1872 987 in
1919 926 2208 987 omnibus
2251 927 2509 987 omniuo
2557 929 2713 988 locis

500 1074 828 1137 admissae
865 1076 1010 1129 sunt
1054 1084 1092 1126 a
1139 1064 1366 1143 quavis
1409 1060 1780 1121 condicione
1818 1058 2076 1119 liberae.
2163 1058 2361 1119 Velut
2406 1068 2567 1122 ante
2613 1063 2709 1122 ul-

504 1209 717 1270 timam
763 1199 1077 1281 dipodiam
1125 1197 1513 1256 senariorum
1562 1193 1730 1252 Trin.
1771 1191 1854 1252 87
1890 1198 2070 1265 potes
2110 1209 2193 1251 ne
2227 1198 2545 1268 suspicer,
2600 1193 2711 1254 104

503 1358 698 1399 manu
741 1334 1225 1412 Meyaronides‚
1296 1328 1405 1389 141
1453 1325 1639 1387 meae
1670 1329 2195 1399 concredilumst,
2258 1327 2406 1387 item
2454 1336 2540 1385 ν(
2574 1328 2707 1389 140.

501 1470 647 1534 2²¹.
705 1468 848 1530 484.
898 1465 1042 1527 486.
1094 1464 1236 1526 490.
1284 1461 1431 1523 530.
1485 1459 1633 1521 560.
1685 1458 1826 1522 741.
1883 1457 2023 1518 753.
2133 1457 2255 1518 Vel
2317 1459 2385 1519 in
2453 1462 2707 1523 tertio

508 1603 748 1685 pede,
795 1599 961 1682 quod
1001 1598 1166 1659 hane
1209 1604 1453 1657 tantum
1499 1594 1579 1655 ob
1621 1611 1918 1655 caussam
1964 1610 2171 1653 rarum
2217 1602 2341 1672 est,
2388 1592 2538 1671 quia
2586 1613 2700 1653 non

507 1745 725 1814 potest
768 1736 884 1795 nisi
932 1735 991 1795 in
1040 1733 1334 1794 versibus
1376 1731 1854 1818 penthemimeri
1897 1748 2168 1794 caesura
2201 1732 2569 1794 carentibus
2611 1735 2703 1793 lo-

506 1870 644 1914 cum
691 1852 926 1914 habere
971 1861 1038 1913 ut
1082 1872 1144 1913 v.
1193 1851 1352 1913 134:

676 1981 909 2045 Pan-zita
954 1984 1072 2046 dos
1115 1984 1360 2060 domist,
1409 1987 1529 2048 nisi
1576 1986 1955 2069 exspectdre
2000 1992 2129 2049 uis:

503 2122 702 2182 multo
765 2122 953 2182 etiam
1014 2103 1215 2183 rarius
1271 2121 1388 2198 ita,
1454 2133 1518 2182 ut
1578 2122 1846 2183 iambica
1901 2140 2032 2182 vox
2091 2122 2148 2181 in
2202 2118 2489 2181 secundo
2542 2117 2700 2199 pede

513 2252 874 2334 praecedat,
923 2261 991 2313 ut
1039 2254 1183 2313 Ter.
1230 2253 1388 2312 Eun.
1433 2269 1501 2331 v,
1556 2256 1612 2330 1,
1662 2253 1773 2315 16:

676 2382 976 2448 Scelesta
1018 2383 1200 2447 ouem
1243 2381 1395 2462 lupo'
1439 2385 1784 2447 commisti:
1831 2378 2142 2464 dispudet.

510 2521 652 2598 Quo
712 2531 924 2583 tamen
979 2521 1180 2583 tribus
1236 2521 1531 2582 iambicis
1594 2521 1860 2601 pedibus
1916 2518 2235 2580 continuis
2296 2515 2492 2595 longe
2539 2514 2702 2594 peior

511 2653 896 2715 Bacchidum
946 2670 1176 2715 versus
1220 2672 1293 2733 11,
1335 2652 1398 2730 3,
1451 2652 1616 2714 110:

675 2782 747 2841 Id
793 2784 875 2842 mi
918 2779 1073 2842 haut
1115 2782 1330 2844 utram
1372 2782 1566 2845 uelim
1608 2782 1805 2843 lice're
1847 2778 2174 2859 intellego,

510 2919 618 2971 aut
662 2929 802 2972 oum
851 2912 1216 2972 Hermanno
1260 2914 1356 2975 sie
1397 2922 1501 2973 est
1545 2909 2014 2973 emendandus:

679 3039 754 3100 ld
801 3035 1008 3099 uti-iim
1057 3035 1245 3101 uelim
1300 3041 1421 3103 iam
1468 3042 1550 3103 mi
1593 3037 1749 3103 haut
1791 3041 1828 3101 l.
1870 3041 1936 3120 i.,

511 3179 622 3233 ant
667 3170 951 3234 fortasse
994 3173 1090 3233 sie
1134 3173 1378 3252 potius:

678 3298 751 3359 ld
796 3294 917 3360 idm
965 3299 1071 3378 mi,
1119 3306 1323 3359 utrum
1373 3301 1583 3377 uelim,
1630 3296 1787 3363 haut
1830 3303 1864 3362 Ι.
1908 3303 1943 3365 i.

511 3424 645 3487 Sed
688 3428 1136 3507 spondiaco
1155 3450 1213 3493 m
1239 3450 1352 3511 pro
1374 3432 1649 3492 iambica
1679 3448 1844 3492 voce
1875 3430 2102 3492 tertius
2132 3445 2249 3510 pes
2282 3447 2411 3490 non
2440 3422 2703 3499 admisit,

510 3550 625 3612 nisi
666 3556 1067 3632 paucissimis
1111 3561 1171 3619 in
1214 3562 1396 3642 loeis,
1444 3563 1505 3622 in
1549 3561 1773 3642 quibus
1818 3561 1927 3623 ina
1968 3578 2008 3621 a
2050 3557 2369 3639 prioribus
2394 3558 2588 3638 gravi
2614 3558 2703 3615 in·

510 3689 949 3765 tei-punctione
987 3691 1329 3772 divellitur,
1377 3704 1447 3755 ut
1490 3697 1660 3756 Tria.
1704 3694 1859 3769 427:

676 3818 932 3898 Nempe
960 3818 1122 3901 quius
1152 3823 1483 3907 spopondi.
1530 3824 1662 3885 S'r.
1693 3820 1882 3883 imme}
1916 3838 2075 3901 quas
2117 3819 2417 3900 dependi,
2464 3815 2702 3899 inquito.

507 3954 657 4015 Nec
700 3964 908 4018 tannen
957 3957 1090 4018 fieri
1134 3976 1327 4038 posse
1372 3959 1627 4020 videtur
1671 3967 1740 4020 ut
1775 3956 2039 4020 eandem
2074 3974 2262 4037 quam
2300 3953 2703 4036 praecedens,

510 4085 674 4147 nullo
729 4089 1066 4150 intervallo
1124 4105 1528 4170 consequens
1588 4092 2006 4171 interpunctio
2072 4089 2198 4149 vim
2261 4087 2538 4164 habeat,
2598 4097 2705 4164 qun

509 4221 749 4276 tantum
797 4219 981 4281 abest
1028 4231 1095 4283 ut
1136 4223 1402 4284 leniatur
1450 4220 1722 4284 offensio
1765 4221 2046 4304 neglecti
2104 4229 2460 4298 accentus,
2520 4238 2599 4281 ea
2649 4223 2706 4275 ut
