2824 4890
1946 358 2361 428 cchxxxl
2437 378 2459 387 '

147 545 219 601 ut
264 536 629 620 longiorum
675 534 1036 618 codemque
1079 557 1341 603 nurnero
1374 533 1848 606 decurrentium
1874 561 2177 611 versuum
2211 557 2361 614 tan-

142 688 344 752 quam
388 666 596 730 solido
639 684 907 747 corpore
949 668 1239 733 bifariam
1298 671 1634 734 articulato
1688 674 2023 740 varietatis
2071 681 2362 746 suavitas

145 821 188 863 e
247 797 569 862 similibus
626 795 747 859 sed
802 796 1049 860 eisdem
1115 798 1555 881 inaequalibus
1612 805 1897 884 partibus
1950 819 2360 879 nascereturz

138 940 558 1024 septenarius
605 937 882 1021 quidem,
928 943 998 998 ut
1039 935 1148 1017 qui
1189 937 1408 1018 impari
1452 956 1715 1002 numero
1757 939 2147 1022 syllabarum
2196 961 2360 1007 con-

142 1083 318 1154 stet,
381 1071 615 1154 quovis
673 1071 813 1135 loco
872 1070 1068 1135 dividi
1123 1046 1266 1133 sine
1320 1071 1658 1134 varietatis
1714 1071 2094 1137 detrimento
2135 1076 2359 1162 potuit,

140 1204 446 1266 senarius
488 1221 613 1265 uuo
658 1203 765 1264 illo
803 1202 947 1264 loco
989 1221 1116 1263 non
1155 1201 1357 1281 potuit
1399 1203 1508 1282 qul
1551 1202 1878 1283 proximus
1920 1174 2021 1266 est
2050 1214 2198 1285 post
2238 1225 2357 1269 se-

140 1333 588 1417 miquinariam
633 1349 988 1395 caesuram.
1095 1332 1300 1414 Igitur
1342 1331 1462 1392 sibi
1505 1339 1814 1394 constans
1856 1351 1963 1397 ars
2005 1335 2086 1399 ad
2134 1338 2356 1418 proxi·-

143 1484 324 1528 mam
373 1473 520 1545 post
561 1462 730 1525 illam
791 1463 1110 1544 syllabam
1171 1480 1519 1545 progressa
1575 1466 2348 1548 semiseptenariam

139 1597 466 1679 probavit,
492 1595 680 1658 cuius
704 1595 1106 1676 septenarius
1133 1605 1198 1658 et
1224 1613 1524 1660 caussam
1559 1605 1619 1659 et
1645 1616 1831 1661 usum
1854 1603 2074 1680 procul
2103 1603 2356 1669 habuit:

560 1716 864 1816 -υ-..ῃ
906 1744 1449 1793 ...α-υ-..υᾴυ
1479 1715 1767 1806 Ι-..ψ-ι..
1787 1767 1934 1794 ...-

111 1867 318 1928 =Binc
354 1863 521 1928 aliud
567 1823 906 1929 discrimen
952 1835 1187 1947 natum,
1231 1884 1356 1947 quo
1395 1867 1720 1948 aliquanto
1762 1871 1905 1949 plus
1942 1868 2191 1952 gratiae
2232 1890 2351 1936 se-

146 1999 334 2061 nario
376 2017 563 2081 quam
606 1998 971 2079 septenario
1013 1999 1333 2061 conciliari
1381 2001 1606 2080 potuit.
1694 2002 1866 2064 Nam
1921 2004 1980 2066 in
2039 2005 2164 2069 hoc
2203 2023 2348 2069 cum

139 2131 315 2194 duae
360 2132 506 2193 illae
548 2149 858 2192 caesurae
902 2130 1184 2192 vicariae
1228 2128 1493 2193 duarum
1527 2141 1770 2195 tantum
1804 2134 2195 2216 syllabarum
2242 2137 2346 2200 iu-

143 2263 421 2328 tervallo
464 2264 623 2326 inter
664 2281 742 2324 se
784 2262 1022 2325 distent
1064 2282 1408 2346 earumque
1450 2269 1643 2329 iambi
1672 2287 2028 2333 mensuram
2062 2289 2351 2352 aequan-

139 2398 326 2481 tium,
367 2414 490 2460 nec
530 2398 658 2459 vim
702 2397 892 2460 ullam
936 2415 1059 2460 nec
1088 2398 1424 2482 quicquam
1461 2400 1807 2464 suavitatis
1838 2400 2076 2464 habere
2105 2405 2349 2467 utrius-

144 2548 274 2610 que
335 2528 619 2590 vicariae
676 2545 991 2590 caesurae
1053 2529 1114 2590 in
1176 2526 1400 2591 eodem
1460 2548 1658 2591 versu
1712 2531 2065 2593 coniunctio
2105 2533 2308 2612 potuit
2309 2554 2348 2628 δ·

139 2658 208 2722 id
270 2657 442 2740 quod
503 2658 690 2720 facile
754 2675 973 2719 eorum
1032 2672 1335 2720 versuum
1396 2659 1692 2740 exemplo
1755 2660 2022 2722 sentitur
2071 2680 2237 2743 quos
2285 2684 2347 2745 p.

138 2813 431 2861 cccxxv.
476 2793 581 2859 inf.
634 2796 984 2875 posuimus.
1099 2792 1287 2870 Quae
1347 2791 1560 2855 omnia
1617 2809 1765 2854 cum
1828 2812 1950 2855 non
1999 2792 2233 2858 cadant
2282 2797 2346 2859 in

145 2928 522 3006 senarium,
577 2922 766 2984 huius
810 2920 1093 3004 quidem,
1154 2925 1216 2983 si
1259 2921 1608 3004 legitimam
1650 2923 2161 3004 semiquinariam
2213 2944 2339 2989 nou

151 3058 451 3136 haberet,
495 3055 966 3137 perfectissima
1018 3053 1224 3117 forma
1268 3074 1347 3117 ea
1390 3056 1644 3117 exstitit
1688 3074 1856 3138 quae
1900 3055 1971 3118 fit
2014 3060 2344 3140 utriusque

137 3188 620 3251 consociatione
666 3185 948 3249 vicariae
995 3202 1350 3251 caesuraet

739 3309 1093 3407 ...μυ-Ι
1127 3314 1392 3404 -..κ-...Ι
1432 3339 1759 3383 ...040
1810 3364 1887 3375 a.

139 3452 311 3558 Eam
356 3453 624 3515 formam
667 3453 872 3517 habes
932 3454 1111 3515 velut
1153 3450 1323 3512 Trin.
1371 3466 1433 3509 v.
1483 3447 1584 3510 10.
1621 3446 1723 3509 47.
1765 3447 1867 3514 53.
1909 3449 2011 3513 76.
2051 3449 2154 3514 82.
2205 3450 2343 3515 194.

135 3585 288 3648 512.
332 3584 476 3647 513.
518 3585 677 3648 591:

312 3714 703 3779 Nosti-amne
746 3735 859 3779 ere
903 3716 1002 3779 uis
1045 3713 1359 3780 nutricem
1402 3732 1568 3796 quae
1608 3730 1728 3778 nos
1771 3711 2023 3776 educat.

310 3843 686 3930 suspiciost
720 3848 781 3910 in
826 3846 1094 3929 pectore
1138 3847 1341 3912 aliend
1383 3850 1526 3912 sita.

138 3978 445 4057 Qualium
471 3998 779 4043 versuum
824 3980 1185 4046 distinctius
1228 3982 1405 4046 finita
1445 3983 1606 4048 ratio
1646 3982 1813 4045 baec
1847 3993 1973 4064 est,
2012 3991 2083 4047 ut
2120 4000 2234 4063 pro
2279 4001 2349 4045 re

136 4122 291 4209 nata
335 4121 445 4175 aut
487 4114 659 4196 prior
701 4132 974 4178 caesura
1016 4125 1127 4179 aut
1163 4115 1478 4196 posterior
1506 4114 1821 4176 stichicae
1851 4115 1959 4175 vel
1982 4113 2346 4195 principalis

136 4242 515 4327 dignitatem
546 4253 821 4328 tueatur,
847 4247 927 4312 ad
955 4246 1222 4329 pedicae
1248 4247 1579 4311 levitatem
1609 4243 1989 4328 deprimatur
2021 4246 2240 4311 altera.
2264 4275 2348 4310 -·.
2420 4222 2425 4225 .
