2824 4890
2042 346 2258 428 cmx

339 526 454 596 Μέἰ
508 502 743 616 patrem
799 534 1040 600 sodalis
1096 548 1159 598 et
1218 534 1614 619 magistrum.
1671 541 2004 622 ausculto,
2066 538 2254 620 quam

1387 687 1523 730 rem
1573 678 1781 750 agant.

145 794 409 861 Postremo
448 800 839 864 Phormiouis
881 818 983 882 lv,
1032 800 1097 880 2,
1147 802 1259 866 11:

328 927 503 989 Pater
542 928 736 992 uenit.
779 937 881 991 set
922 929 1073 1011 quid
1115 928 1406 1010 pertimui
1456 940 1667 993 autem
1714 930 1902 994 belua

136 1069 226 1115 noa
268 1054 453 1120 dubito
504 1060 650 1139 quin
706 1065 816 1120 aut
874 1065 976 1119 set
1029 1068 1137 1120 aut
1189 1065 1398 1120 autem
1455 1057 1761 1138 particula
1804 1056 2014 1120 deleta
2056 1058 2258 1121 Pate'r

136 1178 273 1252 uiuit
305 1195 801 1275 pronuntiandum
845 1196 947 1259 sit.

256 1325 473 1403 Quodsi
532 1338 783 1410 praeter
835 1336 1024 1407 pater
1076 1330 1224 1391 illud
1279 1329 1653 1410 quibusdam
1713 1332 1773 1393 iu
1833 1330 1996 1392 locis
2041 1347 2250 1411 pauca

128 1453 375 1532 quaedam
415 1427 529 1520 alia
580 1458 919 1541 bisyllaba,
968 1467 1038 1520 ut
1077 1464 1321 1520 nimis
1366 1463 1645 1523 modus
1685 1466 1974 1537 miser,
2023 1463 2082 1522 in
2130 1482 2250 1525 eo-

126 1606 228 1651 rum
265 1611 407 1672 quae
446 1594 659 1661 adhuc
701 1595 1119 1656 tractavimus
1162 1595 1540 1657 societatem
1599 1613 1748 1658 esse
1804 1597 2007 1659 ascita
2063 1597 2256 1659 vide·-

126 1729 289 1785 antur:
328 1724 397 1787 de
419 1726 513 1787 his
540 1729 669 1788 etsi
696 1725 1122 1805 quaerendum
1148 1734 1248 1787 est
1273 1725 1563 1806 ampliuS,
1613 1734 1824 1787 tamen
1852 1727 1909 1786 in
1939 1745 2253 1807 praesens

120 1849 338 1916 breviter
377 1855 499 1919 dici
540 1857 668 1918 hoc
713 1863 946 1935 potest,
992 1862 1057 1915 et
1093 1855 1152 1914 in
1181 1853 1579 1916 liberioribus
1612 1855 1828 1916 metris
1856 1832 2006 1917 esse
2044 1856 2252 1918 omnia

124 1990 171 2041 et
205 1987 501 2050 maximam
546 1994 794 2069 partem
844 1985 953 2047 vel
998 1997 1334 2066 propterea
1379 1984 1695 2065 ambigua,
1744 1986 1910 2065 quod
1937 2029 1956 2065 ‚
2001 2003 2145 2048 cum
2190 1986 2253 2047 in

110 2109 188 2171 his
225 2118 415 2178 metris
459 2122 655 2180 etiam
700 2120 1020 2197 correptio
1063 2117 1224 2176 inter
1269 2115 1452 2176 binas
1495 2131 1697 2175 voces
1741 2115 1948 2177 media
1974 2114 2255 2176 admissa

108 2239 188 2320 sit,
225 2260 402 2326 saepe
444 2266 667 2327 parum
725 2247 964 2327 liqueat
1007 2245 1086 2307 ad
1131 2254 1338 2307 utrum
1385 2245 1492 2308 illa
1534 2261 1741 2325 genus
1786 2247 2097 2326 pertinere
2145 2243 2247 2307 di-

108 2383 305 2434 camus.
380 2376 689 2438 Senarios
736 2376 1262 2457 septenariosque
1306 2395 1447 2437 cum
1496 2375 1853 2438 trochaicus
1898 2382 2033 2435 tum
2080 2375 2249 2436 iam·-

104 2492 249 2558 bicos
285 2500 356 2562 ab
396 2508 515 2567 illis
561 2505 856 2566 omuibus
900 2506 1311 2569 abhorruisse
1354 2508 1781 2570 certissimum
1829 2516 1952 2566 est.
2026 2507 2258 2586 Apage

100 2634 270 2688 autem
296 2650 501 2695 eorum
536 2644 605 2696 et
639 2633 858 2714 putida
885 2643 950 2695 et
974 2634 1227 2696 indocta
1271 2634 1558 2711 artificia,
1608 2638 1716 2714 qui
1761 2635 1950 2695 etiam
1990 2634 2101 2709 u'l,
2149 2636 2253 2715 εἰ,

94 2754 194 2831 p’r,
229 2763 477 2840 propt'r,
529 2764 663 2839 t’bi,
711 2763 847 2832 s'bi,
894 2763 1100 2842 n'que,
1151 2765 1287 2837 er’t,
1335 2765 1519 2837 adst,
1566 2765 1798 2837 l’bello,
1844 2767 2257 2843 conc'binam,

99 2889 348 2962 eoep’riri,
393 2895 759 2973 imp'rieum,
804 2895 1027 2974 eoep'di
1066 2905 1131 2957 et
1169 2898 1397 2958 similia
1441 2900 1781 2960 commenti
1825 2911 1972 2960 sunt
2011 2919 2124 2980 pro
2153 2901 2263 2962 uel

94 3028 176 3079 set
214 3043 319 3099 per
370 3036 434 3088 et
491 3027 757 3107 reliquis
770 3068 794 3108 ,
864 3040 1055 3106 atque
1108 3026 1271 3088 adeo
1326 3025 2057 3116 nemp'·Plaormionem,
2124 3032 2258 3093 ind’

96 3167 324 3228 rumam,
370 3155 541 3215 imm'
575 3175 751 3233 uero,
783 3155 889 3216 vel
911 3155 996 3230 'n,
1026 3151 1087 3228 ’t,
1122 3155 1199 3231 ³⁶,
1237 3158 1350 3234 Ἀθ,
1389 3157 1477 3218 'be'
1518 3178 1629 3239 pro
1672 3165 1740 3219 in
1783 3167 1844 3219 et
1883 3164 1957 3220 ob
1998 3181 2114 3237 eqo
2156 3164 2258 3234 ibi,

97 3284 147 3333 et
183 3282 333 3359 quod
376 3298 694 3347 summum
740 3294 879 3368 est,
937 3288 1043 3366 qu'
1090 3307 1200 3368 pro
1244 3292 1398 3368 quid
1441 3296 1507 3350 et
1556 3292 1760 3368 quod:
1819 3308 1983 3370 quae
2044 3307 2260 3351 merae

94 3417 445 3498 praestigiae
489 3430 644 3482 sunt
691 3428 756 3482 et
796 3422 1222 3503 glaucomata.

898 3777 1219 3834 (211va
1255 3780 1437 3833 ΧΙῙ.

219 3992 576 4078 Postquam
623 3995 1045 4058 inveteratum
1091 3995 1172 4059 de
1214 4000 1512 4078 neglecta
1558 4002 1628 4058 vi
1690 3996 2020 4078 positionis
2078 4009 2258 4055 erro-

76 4136 219 4201 rem,
274 4146 403 4207 quo
464 4127 623 4190 nibil
681 4129 823 4208 plus
873 4128 1071 4191 obfuit
1108 4129 1446 4192 Plautinae
1490 4126 1832 4210 prosodiae
1874 4133 2047 4189 recte
2097 4122 2262 4186 iudi-

78 4255 338 4340 candae,
406 4260 724 4325 radicitus
778 4262 1081 4325 evellisse
1124 4262 1443 4346 videmur,
1506 4261 1747 4344 reliqua
1793 4260 2008 4340 capita
2053 4258 2265 4324 licebit
