2824 4890
2137 350 2293 412 xm

161 541 241 607 21.
280 552 334 605 et
373 546 435 605 B.
472 546 598 626 ΙΙΙ,
647 545 749 615 15)
796 546 1243 609 membraneus
1287 530 2022 616 ailitem
2049 555 2293 618 Ferra-

155 680 263 739 riae
309 683 602 762 scriptus,
660 682 933 764 singulis
990 682 1339 745 comoediis
1399 684 1879 765 elegantissime
1940 688 2109 767 picta
2152 709 2295 752 em-

152 813 418 893 blemata,
480 814 760 878 Casinae
821 823 1034 877 autem
1090 826 1338 896 septem
1399 818 1697 878 versibus
1757 822 2064 881 extremis
2131 821 2294 886 hane

148 944 559 1026 inscriptionem
603 947 1018 1027 praemissam
1068 945 1346 1010 habensx
1395 947 2022 1029 CALLEOPEVS‚
2070 955 2295 1016 iterum

147 1076 275 1140 hanc
301 1096 407 1139 sex
435 1081 740 1143 extremis
764 1079 1204 1160 Cistellariae22
1250 1064 1736 1151 Recitator
1766 1048 2295 1182 Calliopssst

145 1212 379 1275 similiter
435 1222 632 1296 atque
686 1218 749 1276 in
806 1215 1089 1295 plurimis
1148 1214 1321 1276 libris
1366 1215 1773 1278 Terentianis
1833 1226 1897 1279 et
1945 1218 2182 1280 factum
2229 1228 2294 1281 et.

146 1355 373 1410 erratum
425 1365 579 1409 esse
637 1356 912 1409 constat.
999 1347 1186 1408 Hanc
1241 1347 1437 1429 igitur
1479 1348 1770 1429 Calliopii
1828 1351 2290 1430 recensionem,

150 1479 359 1542 sirecte
400 1482 674 1561 conieci,
717 1480 878 1541 satis
920 1498 1034 1560 per
1077 1488 1331 1541 ceteras
1375 1487 1594 1559 partes
1638 1498 1678 1542 a
1722 1481 1904 1543 uobis
1932 1442 2294 1562 descriptus

144 1628 179 1689 y
207 1630 327 1692 prae
364 1629 437 1674 se
480 1612 752 1676 ferebat.

262 1745 565 1806 Mutatum
636 1743 987 1806 fabularum
1045 1742 1323 1806 ordinem
1378 1753 1609 1806 secuta
1675 1754 1776 1810 est
1832 1750 2168 1812 earundem
2231 1755 2289 1814 in

136 1871 261 1937 duas
298 1887 499 1958 partes
559 1878 946 1959 diremptio,
1007 1896 1268 1959 quarum
1323 1878 1522 1939 altera
1578 1878 1660 1940 ab
1709 1880 2166 1962 Amphitruone
2208 1884 2289 1946 ad

132 2008 451 2095 Epidicum,
518 2032 557 2076 a
608 2011 1036 2076 Bacchidibus
1075 2014 1156 2076 ad
1200 2013 1647 2077 Truculentum
1694 2015 1893 2077 altera
1933 2018 2289 2098 pertineret.

128 2142 210 2204 Ex
245 2145 468 2208 illarum
514 2145 740 2209 codiee
783 2141 825 2204 ὁ
869 2144 1197 2225 repetendi
1242 2148 1301 2207 B
1347 2154 1412 2206 et
1452 2149 1558 2217 D,
1609 2165 1868 2226 quorum
1914 2148 2096 2209 binas
2139 2168 2291 2228 par-

127 2287 205 2337 tes
241 2299 314 2340 ex
354 2282 447 2342 eis
492 2298 671 2362 quae
709 2297 903 2359 supra
949 2279 1273 2340 attulimus
1297 2280 1663 2362 intelligitur
1687 2300 1984 2343 seorsum
2016 2284 2291 2364 scriptas

119 2431 278 2479 esse:
325 2414 718 2499 repetendus
761 2418 833 2490 J,
896 2419 1001 2498 qul
1058 2424 1158 2478 est
1199 2417 1645 2481 membraneus
1694 2419 1900 2482 Musei
1946 2421 2286 2484 Britan-

120 2548 250 2612 nici
281 2523 443 2651 Ᾰζ-ὐ-(ἶ,
510 2547 762 2609 rectius
792 2557 1003 2610 autem
1052 2556 1119 2609 ut
1171 2550 1391 2630 opinor
1435 2550 1768 2613 undecimo
1810 2571 1993 2633 quam
2039 2553 2287 2616 decimo

120 2685 337 2745 saeculo
377 2686 708 2748 tribuitur:
769 2683 1157 2765 repetendus
1199 2681 1474 2764 denique
1518 2683 1572 2744 is
1613 2676 1718 2757 (ζ)
1744 2726 1762 2763 ,
1818 2683 1923 2763 qui
1970 2684 2115 2745 fons
2158 2702 2282 2746 ex-

121 2814 246 2875 stitit
284 2818 661 2900 reliquorum
704 2823 852 2877 octo
892 2814 1151 2876 fabulas
1196 2813 1443 2895 priores
1488 2814 2085 2898 complectentium,
2129 2834 2287 2878 sae-

121 2946 236 3007 culo
271 2959 471 3013 autem
518 2950 636 3011 vel
679 2965 818 3012 xlv.
859 2949 966 3009 vel
1012 2964 1126 3009 xv.
1171 2951 1549 3026 scriptorum
1597 2947 1733 3009 fere
1766 2948 2071 3010 omnium:
2121 2967 2287 3029 quo-

121 3092 224 3138 rum
261 3083 371 3144 etsi
409 3079 798 3165 pergrandis
842 3096 1147 3141 numerus
1207 3086 1345 3158 est,
1403 3087 1614 3140 tamen
1669 3081 1880 3142 nullus
1932 3080 2039 3142 vel
2094 3101 2175 3143 ex
2225 3085 2286 3145 B

121 3180 323 3275 vel'ex
378 3219 438 3278 D
498 3215 608 3276 vel
668 3232 751 3274 ex
796 3215 856 3275 J
902 3211 1204 3273 manavit.
1296 3210 1538 3272 Verum
1599 3210 1767 3293 hoc,
1832 3212 1937 3275 ubi
1997 3213 2078 3274 ad
2137 3223 2285 3275 octo

114 3347 318 3423 priores
363 3348 655 3414 edendas
701 3368 967 3430 venero,
1012 3357 1080 3410 et
1120 3346 1573 3409 demonstrabo
1618 3355 1683 3408 et
1725 3337 2090 3429 singillatim
2135 3366 2287 3426 per-

117 3496 346 3563 sequar:
405 3501 579 3546 nuuc
636 3484 758 3546 hoc
817 3502 1007 3544 unum
1069 3501 1344 3563 occupo,
1406 3498 1717 3542 summam
1781 3498 1934 3542 esse
1991 3490 2289 3564 quattuor

114 3608 318 3676 illorum
359 3610 830 3678 similitudinem
877 3613 1200 3693 multoque
1246 3611 1546 3673 maiorem
1607 3628 1795 3691 quam
1849 3628 2014 3691 quae
2058 3610 2117 3672 in
2161 3631 2282 3693 po-

134 3942 187 4006 *)
220 3949 309 4000 His
344 3966 409 4002 ne
446 3952 567 4015 quis
615 3950 875 4014 quartum'
899 3947 1112 4017 insidat,
1160 3964 1311 4013 quem
1368 3949 1418 3999 in
1458 3949 1744 4000 Marciana
1790 3949 2116 3999 bibliotheca
2151 3948 2286 3996 Flo-

221 4051 425 4101 rentius
469 4052 627 4102 bodie
676 4059 894 4102 exstare
948 4051 1212 4101 flenrieus
1255 4050 1465 4100 Keillus
1515 4054 1704 4099 noster
1758 4053 1984 4097 testetur
2018 4045 2288 4108 philolog?

219 4151 257 4195 t.
290 4162 339 4209 ι,
373 4165 431 4213 p.
471 4150 605 4206 182,
651 4152 929 4201 sciendum
968 4156 1054 4199 est
1090 4151 1409 4212 typothetae
1441 4148 1572 4197 vitio
1609 4147 1761 4196 illum
1799 4146 1889 4195 ΧΙ.
1926 4144 2128 4194 saeculi
2165 4158 2286 4195 esse

222 4243 363 4310 legi,
409 4248 500 4311 qui
536 4249 609 4299 sit
643 4250 780 4300 XVi.
850 4252 955 4300 Sed
995 4251 1102 4299 duo
1152 4261 1285 4298 sane
1321 4246 1416 4296 alil
1454 4245 1672 4295 tabulae
1708 4257 1875 4306 supra
1910 4244 2118 4308 positae
2157 4244 2286 4296 olim

223 4350 442 4401 addendi
478 4358 655 4418 erunt,
691 4367 827 4417 quos
861 4366 1006 4405 nunc
1041 4353 1297 4405 consulto
1336 4348 1691 4414 praetermisi.
